3738 5268
813 492 931 549 276
1407 507 1685 552 mamm
1726 507 1929 551 anm
1970 508 2059 552 nn
2099 508 2371 570 numne,
2417 507 2503 553 IV.

816 662 1279 739 Quantumvis
1319 664 1536 730 oculis
1577 665 1941 752 capiantur
1978 665 2251 750 singula
2287 688 2411 752 per
2448 689 2544 746 se,

817 778 995 845 Sunt
1035 781 1319 847 confusa
1353 783 1609 868 magis3
1650 782 1812 868 quia
1844 783 2066 869 partis
2105 783 2571 849 conditionem
3051 816 3106 854 ιο

816 899 1208 964 Formalem
1246 899 1431 965 haud
1468 899 1809 984 referunt,
1844 923 2067 986 neque
2105 908 2370 966 certum
2402 901 2619 966 totius
2657 909 2925 986 actum3

815 1013 995 1078 Nam
1027 1021 1297 1102 partem
1336 1038 1416 1080 ac
1453 1023 1677 1080 totum
1719 1016 1995 1081 collatio
2035 1023 2103 1081 et
2137 1017 2300 1082 ordo
2334 1016 2645 1082 reflexim

727 1130 768 1190 ἶ)
817 1129 1108 1194 Iudicat.
1147 1131 1336 1216 Ergo
1375 1154 1498 1197 suo
1532 1139 1610 1196 ut
1649 1131 1721 1196 in
1762 1138 1910 1197 toto
1945 1132 2299 1196 ostendere
2336 1131 2598 1218 parteis

815 1245 1256 1333 Propositum
1289 1255 1392 1313 est
1431 1249 1658 1333 nobiS,
1696 1250 1898 1313 facile
1936 1258 2016 1315 ut
2053 1249 2253 1314 deinc
2292 1257 2541 1315 cuncta
2577 1251 2982 1337 probentur,

813 1363 1196 1449 Tamquam
1234 1387 1317 1428 ex
1355 1364 1650 1430 internis
1689 1365 2001 1452 apprime
2034 1366 2419 1452 cognitioni
3054 1395 3107 1435 43

816 1477 1146 1563 Obiectis,
1192 1479 1414 1545 causis
1453 1481 1755 1568 propriis
1795 1489 2003 1567 atque
2041 1482 2489 1564 immediatis3

815 1593 1002 1659 Ordo
1042 1595 1223 1659 idem
1265 1603 1519 1678 certUS,
1564 1598 1832 1680 qualem
1874 1604 2125 1662 natura
2162 1598 2438 1663 notavit

684 1717 771 1780 10
816 1710 1166 1776 Nimirum
1206 1714 1471 1778 excelsa
1510 1714 1901 1780 coeuntibu'
1941 1714 2365 1798 conditione,

817 1827 912 1891 Ut
943 1826 1399 1893 formatorum
1438 1828 1570 1893 tibi
1610 1829 1886 1914 singula
1918 1828 1993 1893 in
2032 1829 2353 1895 omnibus
2386 1838 2594 1914 atque

815 1944 1081 2009 Cuncta
1117 1945 1479 2030 sigillatim
1519 1969 1599 2010 ac
1635 1945 1914 2032 proprie
1952 1947 2442 2033 explicitentur
2480 1947 2553 2012 in
2592 1949 2760 2034 illis,
3054 1977 3108 2015 50

815 2060 986 2125 Cum
1023 2061 1274 2146 quibus
1307 2062 1393 2126 ad
1433 2070 1691 2127 certam
1730 2062 1974 2128 seriem
2014 2063 2331 2128 coeuntia
2372 2071 2725 2148 constant,

814 2179 906 2242 Et
945 2202 1189 2265 scopus
1226 2180 1379 2245 heic
1417 2181 1585 2246 artis
1624 2180 1899 2246 demum
1937 2203 2343 2266 sacrumque
2376 2180 2681 2266 sigillum
2722 2187 2845 2246 est.

685 2549 768 2615 15
1441 2558 1520 2618 IN
1566 2557 1717 2618 CAP.
1761 2558 1852 2634 11,
1900 2559 2029 2636 111,
2072 2559 2189 2637 IV,
2236 2558 2316 2636 V,
2366 2559 2475 2620 VI.
3111 2557 3191 2619 p.
3224 2541 3427 2605 13‘?

982 2842 1356 2903 Circulorum
1385 2843 1834 2918 quaternarium
1862 2861 1984 2900 non
2014 2840 2126 2899 nisi
2163 2841 2359 2900 tribus
2392 2839 2586 2916 hisce,
2617 2839 2718 2915 qui
2752 2839 2931 2900 modo
2962 2859 3101 2916 pro-

821 2968 1150 3038 ponuntur,
1188 2959 1555 3019 differentiis
1591 2958 1863 3037 prolifice
1914 2958 2174 3019 coibunt.
2216 2959 2290 3017 In
2326 2957 2493 3017 hisce
2529 2961 2738 3016 omnes
2774 2978 3100 3020 cosmome-

819 3076 1010 3137 tricae
1043 3076 1274 3153 figurae
1309 3097 1427 3135 non
1473 3074 1804 3154 implicitae
1836 3075 2042 3151 mode,
2083 3074 2193 3134 sed
2245 3073 2427 3133 etiam
2474 3073 2862 3135 invenientur
2915 3075 3105 3154 expli·

820 3194 977 3254 citae
1011 3194 1108 3252 vel
1140 3194 1202 3251 in
1238 3214 1356 3252 una
1393 3191 1489 3251 vel
1532 3193 1594 3250 in
1635 3192 1846 3251 harum
1885 3192 2121 3250 duabus
2156 3190 2257 3250 vel
2291 3190 2350 3247 in
2386 3191 2606 3266 tribuS,
2648 3190 2749 3249 vel
2784 3189 3102 3267 sigillatim

689 3320 777 3383 520
824 3300 923 3373 vel
957 3314 1210 3374 duarum
1240 3314 1340 3374 vel
1378 3314 1558 3374 trium
1593 3314 2035 3392 complexione,
2070 3331 2321 3389 quarum
2356 3308 2779 3370 excellentiam
2835 3310 3100 3370 admira-

820 3430 1003 3489 bilem
1038 3430 1326 3490 facillime
1364 3451 1474 3508 per
1506 3429 1978 3509 applicationem
2012 3428 2090 3488 ad
2118 3426 2640 3503 investigandum,
2674 3425 3102 3486 inveniendum

823 3554 885 3605 et
910 3545 1298 3606 iudicandum
1336 3547 1749 3624 conficiemus,
1785 3554 1852 3605 ut
1886 3566 1997 3624 per
2031 3565 2099 3605 se
2126 3544 2323 3622 ipsum
2358 3544 2631 3619 quisquis
2670 3543 2767 3604 vel
2804 3543 3100 3603 mediocri

828 3661 1145 3739 praeditus
1179 3662 1403 3721 iudicio
1443 3671 1816 3742 compertum
1856 3662 2064 3720 habet.

986 3790 1018 3836 Ἱῖ
1061 3780 1156 3837 20.
1199 3778 1300 3837 Sic
1346 3786 1440 3838 est
1479 3778 1627 3837 ordo
1664 3777 2073 3855 cognoscendi
2116 3798 2151 3835 a
2194 3784 2325 3836 toto
2363 3784 2424 3836 et
2458 3790 2528 3835 ut
2560 3776 2813 3835 confuso
2859 3775 2937 3834 ad
2974 3795 3111 3853 par-

693 3897 778 3958 25
827 3902 922 3953 tes
958 3894 1279 3972 distincte,
1317 3903 1379 3955 et
1414 3917 1448 3953 a
1483 3896 1761 3973 partibus
1797 3894 2086 3954 distincte
2120 3893 2464 3972 perspectis
2506 3892 2583 3951 ad
2618 3892 2809 3952 totius
2844 3891 3107 3951 distinc-

827 4019 951 4070 tam
988 4012 1225 4073 demum
1264 4014 1740 4091 conceptionem.

987 4140 1020 4185 ‘5
1064 4132 1158 4190 34.
1203 4131 1268 4189 Si
1306 4132 1439 4206 quis
1475 4131 1741 4191 omnium
1778 4131 2225 4192 exactissimam
2264 4139 2446 4208 atque
2481 4130 2905 4191 brevissimam
2939 4150 3117 4206 quae-

832 4256 929 4307 rat
964 4248 1549 4308 demonstrationem
1583 4249 1660 4308 ad
1695 4249 1928 4326 figurae
1963 4269 2184 4328 corpus
2213 4269 2348 4308 cum
2383 4248 2817 4327 principiorum
2846 4247 3114 4307 referen-

1023 4511 1082 4559 16
1103 4512 1260 4572 forse
1288 4527 1433 4577 quae
