3738 5268
1510 550 1598 594 DF:
1641 549 1969 594 mmsvna.
2756 536 2870 593 317

589 703 725 768 Pro
763 702 958 766 varia
997 702 1263 767 ratione
1301 703 1512 767 venit.
1553 702 1680 769 Vol
1721 703 2148 788 significabit

590 820 983 884 Mensuram
1022 818 1110 884 ad
1148 818 1542 905 minimum,
1584 821 1703 905 qui
1739 828 2011 907 partem
2046 821 2363 886 nominat
2402 842 2611 886 unam

589 937 675 1001 In
712 937 1053 1021 triquetro
1093 939 1507 1022 triquetrum
1545 938 1868 1024 primam,
1913 939 2104 1003 cuius
2144 938 2327 1004 basis
2368 939 2502 1025 ipsi

590 1053 749 1116 Toti
790 1053 1098 1117 subiecta
1137 1061 1238 1117 est
1276 1053 1566 1140 primae,
1605 1053 2002 1140 pariterque
2042 1055 2366 1136 Seoan‹la;
2706 1121 2711 1124 .
2816 1080 2873 1121 «ευ

500 1163 540 1223 ὗ
590 1171 852 1257 Nempe
889 1170 1217 1256 parallela
1256 1177 1335 1234 ut
1373 1170 1698 1236 subtensa
1739 1179 1840 1236 est
1882 1171 1985 1236 illi
2023 1179 2091 1235 et
2130 1171 2373 1237 adacta

587 1285 915 1349 Adsimili
952 1285 1221 1350 ratione
1260 1308 1496 1350 secans
1538 1285 1983 1371 triquetrum,
2024 1286 2214 1350 velut
2252 1287 2435 1350 ultro

589 1402 969 1467 Constabat
1007 1401 1373 1467 minimum
1411 1402 1687 1487 quando
1726 1403 2131 1490 explicitare
2169 1402 2515 1467 docebam.

747 1625 845 1685 Ab
876 1646 992 1685 uno
1029 1625 1113 1685 nil
1144 1632 1474 1702 generatur
1517 1625 1763 1684 tertium
1799 1626 1932 1684 sine
1967 1625 2198 1702 medic,
2236 1644 2432 1701 neque
2468 1632 2564 1684 est
2600 1624 2867 1685 medium
2891 1632 2973 1693 p·
2996 1616 3185 1682 17'7

589 1744 754 1803 aliud
793 1746 923 1805 sine
959 1744 1169 1823 tertie,
1202 1744 1361 1805 sicut
1393 1744 1524 1804 sine
1561 1744 1680 1803 alio
1726 1745 1983 1805 termino
2020 1753 2244 1824 puncto
2280 1766 2397 1804 non
2442 1744 2576 1804 fluit
2610 1757 2870 1823 punctus

458 1860 542 1920 10
585 1862 648 1920 in
683 1861 929 1937 lineam,
968 1881 1166 1937 neque
1201 1860 1383 1920 alium
1419 1862 1742 1922 terminum
1772 1870 2059 1940 punctum
2096 1863 2226 1923 sine
2261 1863 2425 1922 linea
2451 1863 2718 1939 attingit.

747 1992 780 2039 ‘H
829 1982 919 2038 lo.
961 1979 1245 2056 Angulus
1284 1979 1666 2058 quadruplici
1703 1979 2049 2057 significato
2093 1981 2309 2040 currit:
2355 1980 2549 2058 primo
2602 1998 2712 2057 pro
2748 1986 2869 2038 ter·

586 2096 747 2155 mino
783 2103 1042 2173 puncto;
1079 2094 1346 2154 secundo
1399 2116 1510 2173 pro
1554 2095 1798 2154 minimo
1856 2102 2127 2156 extrema
2172 2101 2572 2156 connectente
2616 2094 2870 2153 duarum

584 2211 911 2286 linearum3
948 2211 1131 2271 tertio
1168 2233 1278 2289 pro
1315 2212 1561 2271 minima
1601 2213 1761 2271 inter
1795 2210 1914 2271 duo
1950 2212 2057 2272 illa
2106 2221 2330 2291 puncta
2364 2210 2683 2287 distantia,
2715 2230 2869 2286 quae

583 2327 820 2403 obtusi,
857 2328 1010 2387 recti
1048 2336 1109 2387 et
1144 2328 1304 2387 acuti
1349 2327 1717 2387 differentiis
1752 2327 2064 2402 definitum
2116 2336 2332 2404 quarto
2376 2327 2671 2406 peculiari
2708 2325 2870 2403 apud

454 2443 537 2506 15
586 2461 697 2501 nos
733 2443 1180 2519 significatione
1213 2464 1323 2521 pro
1355 2442 1547 2502 latere
1583 2442 1874 2520 trianguli
1924 2464 1997 2503 ex
2034 2464 2151 2503 una
2199 2445 2529 2520 primarum
2567 2440 2830 2520 partium
2853 2487 2867 2516 ,

585 2557 720 2616 basi
765 2556 1003 2618 divisae
1039 2559 1254 2618 maiori
1296 2558 1592 2638 parallelo
1647 2565 1709 2618 et
1761 2558 2125 2634 triquetrum
2180 2557 2721 2638 proportionaliter
2776 2574 2869 2616 se·

585 2685 786 2756 cante,
827 2678 999 2738 cuius
1033 2698 1180 2738 usus
1215 2678 1275 2737 in
1309 2678 1539 2738 minimi
1573 2678 1926 2738 inventione
1965 2686 2060 2737 est
2089 2678 2437 2756 singularis.

1497 3024 1802 3091 OAPVT
1873 3026 1964 3091 II.

1541 3265 1902 3309 ISOSCEJAES.

450 3398 539 3460 20
1254 3414 1484 3464 Angulnm
1515 3419 1560 3454 et
1589 3417 1865 3465 triangulum
1898 3416 2033 3455 Inone.
2066 3415 2203 3454 facio.

758 3608 1029 3694 Anglus
1071 3608 1485 3673 conveniens
1524 3609 1861 3693 triquetro
1902 3618 2247 3675 statuetur
2288 3610 2595 3693 AmoriS,

580 3725 1002 3810 Contiguum
1042 3725 1234 3789 radio
1267 3726 1571 3809 aequalis
1611 3726 1667 3789 si
1709 3726 2061 3791 incumbat
2106 3727 2177 3790 in
2218 3751 2478 3811 areum,

581 3840 846 3927 Nempe
885 3840 1036 3905 viae
1076 3863 1114 3905 a
1155 3840 1424 3906 Baccho
1464 3842 1778 3905 tendenti
1817 3842 1904 3906 ad
1945 3843 2292 3929 Apollinis
2332 3867 2449 3908 ora

582 3956 770 4022 Haec
813 3966 914 4021 est
953 3957 1256 4041 aequalis
1295 3957 1612 4024 Charites
1654 3981 1785 4044 qua
1825 3959 2115 4043 attingit
2157 3960 2435 4046 Apollo,

449 4074 535 4137 Ξῖ)
583 4074 668 4137 In
706 4096 881 4158 gyro
918 4074 1088 4137 fines
1129 4075 1247 4157 qui
1285 4074 1641 4139 amborum
1681 4084 2017 4161 permeat,
2058 4083 2135 4140 ut
2174 4084 2337 4141 sunt
2843 4104 2867 4141 5

581 4189 926 4273 Aequales
966 4211 1162 4254 arcus
1203 4189 1468 4253 suffulti
1508 4191 1580 4254 in
1621 4192 1905 4257 orbibus
1944 4192 2179 4276 aequis

581 4304 885 4371 Numina
924 4311 1275 4369 nectentes
1313 4314 1513 4371 terna
1551 4308 1742 4391 haee,
1783 4308 2125 4394 parilique
2166 4316 2441 4395 reposta

767 4570 828 4617 19
854 4585 878 4617 e
905 4570 968 4617 :O
1001 4584 1286 4619 isocnnnns
1315 4584 1339 4616 c
1367 4568 1552 4620 Isoch.
1577 4570 1682 4632 cfr.
1709 4585 1765 4632 p.
1801 4570 1923 4627 128,
1956 4571 2019 4615 10
