3738 5268
848 490 965 553 252
1432 508 1711 555 mamm
1755 506 1957 555 imvm
2000 510 2089 554 ΒΕ
2132 508 2404 571 numam,
2454 507 2549 555 111.

842 666 1081 731 Portio
1119 689 1241 753 per
1273 674 1498 731 totum
1530 667 1799 732 vicibus
1838 690 1957 732 sex
1989 667 2194 732 unica
2232 667 2427 732 denis

845 780 1181 846 Ostendet
1220 788 1430 868 quota
1474 782 1564 847 sit
1600 805 1759 868 pars
1800 782 2037 848 totius.
2073 782 2260 848 Hinc
2300 805 2572 868 quoque
2610 784 2833 870 partis

843 895 1214 983 Accipiens
1253 903 1522 984 partem
1559 898 1819 979 videat,
1862 904 2035 981 quot
2075 897 2301 984 prima
2339 898 2611 963 minuta

846 1010 1202 1095 Exaequet
1239 1012 1463 1099 partis
1501 1012 1791 1098 primae3
1832 1011 2028 1096 sique
2066 1012 2226 1076 inde
2266 1013 2569 1099 supersit
3084 1043 3139 1081 30

757 1131 798 1192 5
849 1126 1234 1211 Quicquam
1276 1129 1456 1212 quod
1496 1128 1700 1192 certis
1739 1134 1841 1193 est
1876 1128 2194 1215 partibus
2233 1130 2561 1216 amplius,
2604 1128 2780 1193 illud

843 1242 1206 1309 Consimili
1243 1244 1502 1330 poterit
1538 1244 1761 1309 forma
1797 1250 2183 1309 monstrare
2222 1243 2563 1309 secundus

843 1360 1246 1425 Deducendi
1284 1369 1499 1427 actus,
1542 1361 1656 1427 Sic
1692 1361 1915 1448 partis
1954 1384 2229 1427 cernere
2265 1369 2536 1448 partem

845 1477 1196 1543 Continuo
1234 1478 1493 1564 poteris
1530 1500 1903 1564 progressu
1941 1500 2207 1564 semper
2246 1478 2481 1543 eadem

846 1592 1210 1659 Mensurae
1250 1593 1474 1680 specie
1508 1594 1969 1679 manibusque
2008 1594 2361 1679 oculisque
2399 1594 2711 1676 subacta;
3086 1623 3140 1661 35

717 1719 801 1781 10
848 1708 1025 1774 Nam
1068 1710 1348 1794 quantis
1385 1732 1512 1797 pro
1553 1732 1820 1795 cunque
1859 1710 2065 1775 tomis
2104 1711 2491 1776 tractabilis
2529 1734 2744 1797 aeque
2783 1718 2904 1775 est.

843 1824 1067 1910 Inque
1108 1848 1312 1913 opere
1348 1825 1478 1892 hoc
1515 1827 1755 1892 vultus
1788 1849 1931 1892 non
1969 1834 2037 1891 te
2068 1834 2454 1913 perterreat
2489 1828 2606 1893 ille

847 1940 1213 2007 Subiectae
1252 1943 1542 2027 exiguae
1576 1943 1824 2029 partiS,
1865 1966 2073 2027 quam
2112 1944 2448 2029 prendere
2485 1944 2679 2009 nullo
2718 1944 2823 2008 in-

845 2063 1235 2124 strumento
1274 2059 1531 2140 valeas,
1575 2082 1781 2143 quam
1820 2059 2254 2145 deducasque
2291 2082 2416 2147 per
2454 2059 2683 2147 ipsum

850 2174 1080 2261 Ipsius
1119 2176 1499 2260 integrum3
1541 2176 1814 2261 praxim
1855 2176 2137 2241 solertia
2174 2183 2497 2264 prompta
3084 2205 3138 2243 40

721 2297 801 2360 15
848 2289 1029 2356 Nam
1067 2290 1293 2374 iuvat,
1329 2299 1407 2356 ut
1446 2292 1812 2357 minimum
1851 2293 2116 2357 clarum
2154 2293 2246 2358 sit
2282 2315 2424 2358 non
2461 2293 2691 2357 minus
2729 2293 2983 2380 ipsum,

854 2406 1077 2484 Quam
1115 2408 1400 2493 quaevis
1440 2407 1660 2473 maior
1694 2430 1854 2495 pars
1895 2409 2095 2473 vultu
2132 2416 2416 2495 exposta
2454 2409 2639 2475 fideli
2679 2416 2800 2474 est.

855 2522 1143 2602 Quando
1183 2523 1436 2588 etenim
1477 2524 1703 2589 minor
1742 2530 1845 2589 est
1883 2547 2043 2610 pars
2083 2546 2291 2609 quam
2329 2523 2803 2611 comprendier
2841 2525 2993 2612 ipsa

856 2641 1121 2724 Possit,
1163 2663 1421 2728 perque
1460 2664 1660 2706 suum
1698 2647 1926 2706 totum
1963 2640 2156 2725 duci,
2197 2641 2493 2728 accipito
2531 2642 2761 2728 ipsum

854 2758 1238 2824 Residuum
1276 2758 1524 2840 maius3
1567 2757 1910 2842 siquidem
1941 2757 2071 2822 hoc
2108 2763 2304 2821 tanto
2346 2758 2640 2845 amplius
2679 2759 2839 2823 inde
2877 2765 2980 2823 est
3080 2786 3134 2824 45·
3164 2778 3244 2839 p.
3274 2763 3459 2825 113

719 2876 808 2938 20
854 2876 1182 2941 Sensibus
1221 2876 1637 2962 expositum,
1677 2899 1756 2941 ac
1796 2876 2115 2941 manibus
2152 2877 2518 2942 tractabile
2556 2883 2758 2942 certe.

852 2993 1145 3079 Respice
1184 3001 1353 3078 quot
1389 2999 1622 3080 partes
1662 2992 2111 3080 comprendat
2146 2993 2361 3058 totius
2401 2993 2628 3081 ipsum

856 3108 990 3172 Sex
1029 3108 1222 3172 denis
1260 3108 1531 3174 vicibus
1565 3109 1936 3174 deductum
1977 3110 2109 3192 (vel
2149 3109 2483 3176 duodenis

859 3223 1064 3300 Queis
1104 3224 1348 3290 melius
1390 3225 1615 3312 capies
1656 3225 2009 3311 integrum
2046 3227 2351 3312 partibu'
2389 3227 2659 3312 primis3

859 3340 1432 3426 Quandoquidem
1471 3341 1582 3407 hic
1620 3364 1950 3406 numerus
1985 3349 2274 3407 naturae
2313 3343 2711 3429 aptissimus
2751 3342 3021 3429 ipsique
3088 3373 3142 3411 50

726 3456 811 3516 Ξῖ)
859 3455 1240 3542 Appositus
1279 3457 1470 3542 cyclo
1510 3457 1835 3523 inventus
1873 3458 2051 3522 radii
2088 3465 2190 3523 est
2226 3482 2350 3545 per
2389 3459 2767 3542 amussim);

858 3572 1056 3636 Tunc
1093 3573 1393 3657 reliquas
1432 3574 1717 3639 minimo
1750 3581 1982 3661 partes
2018 3575 2345 3640 tribuisse
2383 3576 2631 3640 latenti

859 3688 1143 3774 Absque
1177 3711 1402 3753 errore
1441 3695 1656 3776 potes.
1696 3689 1909 3754 Nulla
1947 3712 2108 3775 ergo
2148 3690 2522 3756 differitate

859 3803 1147 3888 Urgeris
1184 3804 1481 3889 geminis
1523 3805 1753 3891 capias
1786 3804 1868 3869 (le
1907 3805 2224 3891 partibus
2263 3813 2520 3888 utram;

862 3920 1084 3984 Certis
1123 3920 1477 4006 integrum
1517 3921 1680 4005 quia
1720 3927 1993 3985 constat
2031 3921 2373 4008 partibus,
2410 3928 2618 4005 atque
2649 3921 2772 3987 has
3094 3951 3146 3988 55

729 4044 817 4106 30
863 4035 977 4101 Sic
1015 4059 1300 4103 numero
1340 4060 1499 4123 pars
1539 4037 1764 4124 prima
1803 4060 1927 4102 suo
1969 4037 2369 4124 complebit,
2412 4044 2492 4101 ut
2530 4037 2771 4103 ambae

861 4152 1187 4217 Eiusdem
1225 4159 1455 4240 partes
1497 4173 1787 4237 quarum
1828 4158 2169 4239 quantum
2207 4154 2423 4217 altera
2462 4158 2657 4218 tensa
2696 4161 2798 4218 est

862 4270 1066 4336 Ultra
1104 4269 1493 4352 dimidium,
1535 4275 1810 4334 tantum
1849 4269 2037 4334 intra
2076 4276 2181 4335 est
2219 4293 2359 4335 una
2397 4269 2701 4335 remissa.

863 4386 1115 4450 Totum
1154 4385 1337 4470 quod
1375 4385 1559 4450 notis
1598 4385 1974 4451 conflatum
2011 4386 2352 4472 partibus,
2393 4386 2623 4473 ipsum

864 4502 941 4568 Si
977 4501 1287 4587 geminas
1326 4510 1588 4567 sectum
1629 4503 1701 4567 in
1735 4511 1969 4590 partes
2009 4504 2311 4569 occurrit
2349 4504 2649 4588 iniquaS,
3094 4529 3146 4571 ⁶0
