3738 5268
837 504 917 567 44
1715 523 1991 570 tonnam
2035 521 2234 569 Bavm

839 699 1041 765 cadat
1069 699 1254 766 linea
1288 699 1426 785 Gd,
1456 700 1793 785 trianguli
1827 699 1997 764 Gdf?
2032 700 2272 785 anguli
2308 705 2448 764 tres
2477 705 2641 763 sunt
2677 698 2944 765 duobus
2976 721 3115 764 rec-

836 826 929 891 tis
968 828 1311 914 aequaleS,
1353 827 1646 915 angulus
1680 834 1909 893 autem
1959 828 2076 911 qui
2128 831 2232 890 est
2271 826 2346 891 in
2375 826 2446 889 D
2490 833 2594 890 est
2628 848 2807 891 unus
2864 832 3111 891 rectus.

835 956 940 1021 43.
982 956 1079 1021 Ut
1115 956 1404 1041 angulos
1437 954 1606 1020 duos
1639 954 1904 1019 duobus
1942 953 2149 1019 rectis
2187 952 2545 1038 aequales?
2595 953 3115 1031 Quomodocun-

837 1105 968 1169 que
1006 1089 1193 1147 recta
1231 1081 1413 1146 inter
1451 1082 1923 1147 extremitates
1961 1087 2185 1145 rectae
2223 1080 2588 1146 incidente.
2628 1081 2735 1145 44.
2784 1081 2882 1148 Ut
2922 1082 2932 1167 Ι
2971 1087 3112 1146 tres

748 1222 789 1283 εἴ)
836 1211 1127 1298 angulos
1200 1209 1466 1276 duobus
1539 1210 1746 1275 rectis
1825 1208 2182 1295 aequales?
2260 1209 2684 1297 Quocunque
2757 1210 3112 1297 triangulo

835 1336 1191 1402 rectilineo
1232 1336 1548 1403 formato
1589 1338 1694 1402 45.
1735 1338 1834 1405 Ut
1863 1337 2198 1423 angulum
2236 1338 2481 1422 quovis
2509 1338 2870 1405 rectilineo
2905 1339 3117 1404 maio-

836 1487 979 1530 rem
1018 1472 1088 1531 et
1126 1465 1369 1551 quovis
1405 1465 1763 1532 rectilineo
1801 1464 2139 1531 minorem
2176 1464 2522 1532 efficiam?
2562 1467 2637 1531 Si
2675 1468 2763 1533 ab
2802 1470 3119 1535 extremi-

836 1600 981 1658 tate
1028 1592 1348 1659 diametri
1396 1592 1484 1658 ad
1531 1594 1822 1679 angulos
1872 1599 2094 1658 rectos
2149 1592 2404 1659 lineam
2461 1593 2772 1679 duxeris3
2820 1595 3118 1681 angulus

837 1721 1022 1788 enim
1060 1723 1137 1809 Σ
1180 1744 1265 1786 ex
1300 1728 1487 1786 recta
1518 1722 1657 1787 MA
1689 1726 1759 1786 et
1798 1743 2007 1787 curva
2054 1721 2180 1787 AF
2227 1721 2556 1787 minimus
2603 1745 2777 1808 esse,
2820 1724 3116 1811 angulus

708 1851 788 1915 10
833 1858 1065 1916 autem
1113 1872 1196 1915 ex
1240 1856 1431 1915 recta
1476 1849 1617 1914 MA
1675 1856 1745 1914 et
1801 1873 2010 1916 curva
2074 1850 2201 1915 AB
2264 1850 2603 1916 maximus
2661 1852 3117 1919 convincitur.

830 1978 938 2043 46.
979 1977 1078 2045 Ut
1116 1976 1448 2063 angulum
1496 1975 1906 2063 simpliciter
1951 1975 2318 2042 minimum
2365 1962 2584 2044 dabo?
2635 1976 2712 2042 Si
2759 1977 2960 2043 illum
2998 1979 3117 2064 qui

830 2109 935 2168 est
972 2102 1159 2168 intra
1207 2100 1811 2167 convexitudinem
1849 2101 2144 2168 duorum
2182 2125 2253 2167 se
2300 2102 2857 2189 contingentium
2907 2104 3120 2171 circu-

828 2230 1055 2297 lorum
1093 2229 1416 2318 accipias,
1465 2235 1546 2294 ut
1591 2229 1783 2317 ApB.
1822 2229 1928 2294 47.
1979 2229 2078 2296 Ut
2124 2252 2206 2294 ex
2252 2229 2482 2317 planis
2544 2230 2770 2296 tribus
2818 2232 3115 2318 anguliS‚

828 2379 1120 2443 quorum
1157 2357 1293 2424 duo
1330 2364 1410 2423 ut
1439 2356 1615 2422 libet
1651 2355 1990 2442 assumpti
2027 2356 2237 2422 tertio
2276 2356 2420 2422 sint
2451 2357 2774 2445 maioreS,
2815 2359 3112 2426 solidum

701 2495 781 2558 15
827 2484 1157 2569 angulum
1180 2482 1638 2549 constituam?
1669 2482 1875 2549 Modo
1904 2504 2040 2567 quo
2074 2505 2157 2548 ex
2189 2482 2416 2548 tribus
2439 2482 2642 2550 lineis
2680 2484 3109 2572 triangulum

824 2609 1136 2697 planum,
1175 2615 1243 2674 et
1275 2607 1644 2674 dummodo
1674 2614 1813 2674 tres
1850 2606 2092 2695 anguli
2133 2615 2435 2695 quatuor
2465 2609 2674 2676 rectis
2713 2610 2855 2677 sint
2892 2611 3112 2679 mino-

826 2760 951 2802 res.
990 2738 1097 2801 48.
1155 2736 1254 2803 Ut
1290 2734 1378 2801 ad
1416 2734 1650 2801 datam
1686 2743 1947 2802 rectam
1981 2736 2239 2802 lineam
2277 2737 2558 2824 eiusque
2595 2746 2935 2826 punctum
2990 2764 3112 2807 an-

826 2867 1066 2952 gulum
1127 2865 1425 2931 solidum
1472 2864 1633 2930 dato
1681 2866 1935 2953 angulo
1983 2866 2202 2933 solido
2249 2868 2604 2953 aequalem
2651 2870 3111 2937 constituam?

828 2992 904 3056 Si
942 2999 1021 3057 ut
1058 2994 1389 3079 angulum
1425 2991 1740 3080 planum,
1779 2992 1882 3058 ita
1919 2991 2162 3080 planos
2202 2994 2492 3079 angulos
2530 2997 2960 3063 tractaveris.

695 3235 783 3296 -20
1546 3207 2164 3283 MEMBRVM
2255 3207 2409 3281 IX.

1656 3361 1761 3414 DE
1814 3360 2289 3416 TRIANGVLO.

1705 3532 2097 3596 Ana-mvnvs
2142 3532 2250 3595 87.

1005 3706 1370 3792 Trianguli
1407 3705 1668 3770 infiniti
1707 3711 2048 3790 quantum
2086 3713 2189 3769 est
2224 3704 2435 3788 latuS,
2474 3710 2716 3768 tantus
2753 3712 2858 3769 est
2894 3727 3108 3790 angu-

827 3834 953 3898 lus.
991 3831 1098 3896 89.
1120 3831 1518 3896 Necessario
1544 3829 1934 3914 triangulus
1955 3829 2071 3893 ille
2091 3837 2196 3893 est
2220 3828 2680 3912 aequilaterus
2700 3836 2768 3893 et
2789 3830 3111 3914 aequian-

694 3964 780 4025 25
826 3959 1047 4046 gulus.
1079 3962 1185 4024 90.
1218 3959 1439 4024 Immo
1477 3957 1896 4042 uniangulus
1919 4007 1933 4036 ,
1972 3955 2373 4020 unilaterus.
2413 3957 2519 4020 91.
2559 3956 2779 4021 Immo
2813 3959 3110 4042 angulus

828 4087 1009 4151 idem
1038 4093 1142 4150 est
1173 4085 1353 4169 quod
1388 4085 1588 4148 latus.
1622 4085 1727 4147 92.
1758 4083 1982 4147 Immo
2013 4104 2154 4146 una·
2185 4082 2366 4146 linea
2399 4089 2522 4146 est.
2552 4084 2657 4146 93.
2679 4083 2900 4149 Immo
2930 4106 3109 4150 nnus

826 4215 1121 4299 angulus
1158 4223 1288 4284 est,
1329 4212 1540 4276 immo
1579 4210 1874 4274 circulus
1913 4219 2036 4273 est.
2075 4210 2182 4274 94.
2221 4209 2446 4286 Quare
2495 4209 2614 4275 illa
2670 4211 2950 4276 trinitas
3005 4223 3110 4277 est

824 4339 1096 4404 unitas?
1136 4339 1315 4415 Quia
1353 4337 1535 4402 idem
1572 4345 1676 4401 est
1710 4347 1850 4400 tres
1888 4336 2112 4400 lineae
2150 4344 2218 4399 et
2258 4358 2394 4400 una
2439 4335 2653 4418 lines-,-
2694 4349 2834 4402 tres
2869 4339 3109 4424 ang-uli

2965 4472 3097 4480 ——-

1008 4510 1042 4559 6
1073 4509 1335 4559 effiieiam
1460 4508 1525 4556 -24
1557 4509 1593 4556 Γ
1614 4480 1841 4556 artico&
1868 4507 1942 4556 88
1963 4523 2177 4556 muca.

3158 1086 3356 1147 d4r
