3738 5268
1354 483 1444 527 ns
1486 483 1711 528 mmm
1750 483 2164 530 mmmmm.
2779 469 2891 527 159

613 641 847 721 posita,
899 645 1367 699 mensurantem.
1424 636 1603 698 Licet
1655 637 1818 712 quod
1850 636 1915 697 in
1950 659 2067 698 uno
2120 657 2307 718 opere
2349 645 2665 718 acceptum
2698 644 2796 698 est
2829 644 2897 698 ut

613 757 811 835 prima
838 774 1000 833 pars,
1031 754 1151 813 alio
1179 753 1242 813 in
1273 772 1458 830 opere
1479 760 1548 812 ut
1576 752 1790 813 ultima
1819 754 1955 832 capi
1990 755 2205 834 possit.
2230 753 2436 814 Nihilo
2465 761 2669 814 tamen
2696 753 2896 812 minus

614 871 1061 951 quantumlibet
1109 889 1296 947 opera
1337 877 1480 947 post
1514 888 1700 949 opera
1745 869 2145 948 multiplicem
2189 890 2490 948 nunquam
2525 870 2658 930 sine
2700 870 2898 949 prima

616 988 820 1068 posita
852 984 1112 1063 quadam
1147 993 1323 1064 parte
1358 993 1420 1045 et
1454 986 1516 1045 in
1547 1005 1618 1046 eo
1656 1004 1841 1064 opere
1873 987 2120 1046 minima
2153 987 2523 1065 operabitur.
2545 985 2718 1045 Artis
2747 1003 2896 1062 ergo

531 1107 573 1171 5
619 1104 759 1181 quia
791 1102 1109 1163 indefinita
1143 1110 1239 1161 est
1273 1101 1566 1180 operatio,
1591 1101 1729 1161 ideo
1767 1108 1829 1162 et
1855 1101 2237 1162 indefinitum
2265 1111 2362 1163 est
2387 1101 2715 1163 minimum.
2742 1099 2900 1173 Quia

616 1221 765 1281 item
796 1238 918 1279 non
952 1227 1050 1278 est
1080 1217 1318 1277 infinita
1353 1218 1648 1295 operatio,
1691 1237 1888 1293 neque
1929 1216 2169 1278 infinita
2205 1217 2711 1278 subordinatione
2746 1235 2899 1294 opus

620 1344 740 1412 est,
780 1342 847 1395 ut
880 1334 971 1394 illi
1003 1332 1205 1393 minus
1249 1341 1547 1413 perpetuo
1584 1334 1696 1393 sub
1731 1334 1962 1395 minore
1998 1333 2370 1395 subiiciatur.
2406 1334 2479 1395 In
2521 1340 2740 1392 natura
2779 1351 2902 1391 non

619 1453 794 1530 item;
826 1452 1108 1531 quoniam
1142 1450 1548 1511 determinata
1572 1460 1667 1512 est
1690 1451 1766 1510 ad
1794 1452 2120 1511 maximum
2155 1459 2218 1511 et
2252 1452 2395 1510 mini
2416 1452 2426 1533 Ι
2443 1471 2602 1511 mum
2631 1449 2694 1508 in
2717 1449 2900 1510 omni·
2943 1456 3025 1518 p-
3051 1439 3192 1504 29

621 1574 737 1633 bus
770 1571 958 1631 finitis
992 1571 1333 1650 speciebus,
1367 1569 1615 1630 Infinito
1652 1590 1825 1647 vere,
1867 1591 1982 1649 per
2027 1570 2225 1630 Deum
2278 1570 2708 1646 immortalem,
2762 1589 2903 1646 qua·

496 1687 581 1750 10
623 1709 761 1748 nam
792 1689 1029 1748 ratione
1062 1688 1154 1747 illi
1189 1707 1341 1767 opus
1376 1707 1516 1748 esse
1550 1695 1733 1764 queat
1755 1688 1783 1746 Ρ

783 1804 817 1850 '¹¹
858 1804 1189 1880 Minimum,
1224 1803 1519 1881 inquiunt,
1553 1802 1722 1863 nulla
1747 1810 1845 1864 est
1877 1822 2040 1883 pars,
2076 1805 2183 1880 At,
2208 1804 2470 1880 inquam,
2494 1802 2636 1880 quid
2660 1803 2902 1863 nomine

625 1920 855 1980 minimi
883 1919 1232 1997 intelligere
1267 1928 1550 1998 possunt,
1587 1926 2013 1998 praeterquam
2047 1919 2304 1998 primam
2339 1926 2594 1997 partem,
2630 1938 2748 1995 qua
2781 1939 2905 1979 non

629 2047 725 2099 est
767 2038 967 2116 prior?
1005 2036 1315 2115 Numquid
1349 2038 1410 2096 in
1463 2036 1625 2096 omni
1674 2044 1739 2098 et
1789 2056 2165 2114 quocumque
2221 2037 2433 2097 ordine
2487 2037 2750 2114 partium
2784 2057 2906 2097 non

633 2156 818 2218 debet
850 2175 990 2216 esse
1023 2156 1258 2234 prima?
1292 2153 1599 2231 Numquid
1637 2154 1690 2214 si
1724 2154 1981 2232 primum
2017 2174 2138 2215 non
2170 2154 2471 2233 extiterit,
2509 2154 2739 2231 aliquid
2776 2154 2906 2215 eius

500 2273 581 2337 15
630 2274 862 2335 ordinis
893 2293 1030 2335 esse
1058 2274 1289 2353 poterit
1322 2283 1465 2352 post
1492 2274 1734 2353 ipsum?
1765 2273 2081 2346 Quomodo
2117 2274 2295 2352 ponis
2330 2281 2538 2353 partes
2570 2274 2810 2353 priores
2846 2285 2910 2336 et

629 2389 1007 2469 posteriores
1043 2409 1182 2451 esse
1215 2390 1446 2467 absque
1481 2389 1715 2469 prima?
1747 2389 2065 2462 Quomodo
2093 2399 2303 2470 partes
2335 2391 2599 2452 maiores
2629 2400 2692 2452 et
2724 2392 2908 2451 mino·

629 2526 731 2566 res
757 2524 898 2568 esse
931 2505 1106 2581 dicis,
1146 2525 1397 2581 quarum
1432 2526 1551 2565 non
1585 2505 1668 2565 sit
1694 2506 1982 2565 minima?
2017 2508 2118 2566 An
2149 2526 2272 2566 non
2305 2508 2392 2567 ita
2424 2515 2642 2568 natura
2676 2528 2913 2587 compa-

630 2630 764 2683 rata
802 2630 897 2683 est
949 2621 1169 2683 relatio
1223 2621 1452 2682 minimi
1495 2620 1573 2682 ad
1621 2623 1972 2699 maximum,
2029 2621 2261 2702 primae
2314 2644 2533 2702 nempe
2577 2624 2774 2701 partis
2829 2624 2907 2685 ad

632 2747 855 2817 totum,
914 2739 1074 2799 sicut
1105 2738 1354 2799 maioris
1388 2738 1465 2798 ad
1500 2738 1738 2800 minus?
1770 2741 1872 2799 An
1905 2740 2064 2801 sicut
2104 2741 2300 2802 maius
2352 2741 2553 2802 tendit
2604 2741 2683 2801 ad
2733 2741 2917 2803 maxi-

501 2857 592 2921 20
635 2877 825 2934 mum,
860 2864 924 2917 et
957 2855 1157 2920 minus
1191 2856 1269 2916 ad
1304 2855 1613 2916 minimum
1644 2877 1765 2916 non
1799 2857 2158 2918 contendit?

793 2969 825 3016 'fl
869 2972 981 3032 Ais
1015 2974 1264 3034 iterum:
1302 2973 1465 3049 quod
1506 2974 1745 3052 accepit
1778 2982 1845 3034 ut
1878 2974 2159 3054 primam,
2195 2994 2334 3036 mox
2369 2977 2599 3056 poterit
2635 2977 2914 3057 accipere

634 3097 702 3150 ut
735 3089 1007 3149 ultimam
1041 3098 1304 3167 partem,
1339 3109 1449 3150 seu
1481 3090 1545 3148 in
1578 3090 1697 3150 alio
1728 3109 2048 3151 mensurae
2075 3099 2233 3170 actu,
2266 3099 2336 3152 ut
2363 3092 2668 3169 quoddam
2701 3101 2914 3155 totum.

633 3207 819 3284 Esto,
854 3203 1121 3283 inquam,
1159 3205 1247 3265 ita
1279 3224 1347 3265 se
1380 3214 1557 3285 putet
1589 3205 1964 3267 descendere
1998 3208 2475 3286 magnitudinem
2510 3208 2839 3270 dividendo
2876 3232 2913 3271 a

636 3323 807 3383 finito
870 3343 1084 3385 versus
1146 3322 1469 3401 infinitum,
1535 3325 1694 3384 sicut
1742 3343 2027 3384 numeros
2086 3326 2547 3404 multiplicando
2610 3328 2908 3405 ascendit3

506 3444 591 3507 Ξῖ)
638 3440 870 3500 frustra
901 3439 1183 3499 nimirum
1218 3459 1350 3499 eam
1384 3441 1447 3498 in
1480 3440 1756 3518 potentia
1801 3440 2164 3502 infinitatem
2218 3442 2554 3521 concludis,
2602 3443 2680 3503 ad
2735 3465 2916 3521 quam

638 3559 867 3619 nullum
898 3557 998 3618 vel
1028 3558 1345 3635 adspirare
1376 3565 1578 3618 actum
1609 3558 1791 3635 digne
1815 3559 2021 3638 possis
2049 3579 2343 3621 asserere.
2369 3559 2528 3632 Quid
2559 3563 2719 3622 enim
2748 3563 2921 3625 iuvat

640 3674 970 3735 obtrudere
1028 3673 1195 3733 illam
1256 3674 1746 3734 mathematicam
1800 3675 2137 3752 potentiam
2197 3695 2318 3736 non
2378 3677 2693 3755 alligatam
2753 3679 2916 3738 actu'i

643 3792 830 3871 (sicut
857 3797 953 3850 est
981 3790 1235 3867 alligata
1269 3789 1551 3869 physica)
1581 3790 1643 3849 in
1671 3790 1970 3850 infinitum
1999 3791 2202 3868 potius
2237 3791 2488 3871 frustra,
2518 3813 2699 3869 quam
2732 3795 2917 3854 ratio-

641 3908 928 3968 nabiliter
960 3908 1023 3967 in
1055 3905 1475 3966 indefinitum?
1511 3906 1851 3984 Minimum,
1887 3908 2007 3986 aia,
2044 3907 2095 3968 si
2129 3908 2354 3986 tangit,
2399 3916 2530 3969 toto
2582 3929 2650 3969 se
2690 3909 2920 3989 tangit,

512 4034 599 4096 30
646 4034 709 4086 et
740 4025 858 4085 hoc
903 4043 1022 4082 non
1076 4024 1264 4083 faciet
1304 4023 1523 4100 maius;
1560 4024 1700 4100 quia
1741 4024 2001 4083 alterum
2042 4024 2352 4084 minimum
2383 4044 2505 4083 non
2540 4045 2677 4085 csse
2712 4032 2920 4104 potest

647 4151 821 4203 extra
860 4141 1119 4202 alterum
1164 4140 1494 4201 secundum
1527 4161 1706 4202 unam
1742 4158 2005 4221 partem,
2044 4151 2108 4203 et
2155 4146 2289 4203 cum
2338 4143 2532 4204 altero
2589 4144 2918 4205 secundum

648 4262 932 4336 alteram3
971 4261 1112 4339 quia
1146 4260 1235 4321 sic
1267 4260 1518 4320 habebit
1552 4271 1789 4339 partem
1823 4268 1887 4321 et
1927 4269 2193 4340 partem,
2233 4283 2363 4323 eam
2406 4282 2560 4339 quae
2603 4269 2818 4341 tangat
2860 4272 2922 4325 et

649 4400 782 4441 eam
822 4400 941 4456 qua
984 4378 1170 4438 faciat
1203 4377 1423 4453 maius;
1461 4398 1646 4453 quare
1701 4378 1754 4438 si
1805 4388 1904 4439 est
1957 4378 2293 4456 minimum,
2330 4400 2452 4440 non
2504 4381 2654 4440 facit
2703 4380 2916 4441 maius.

652 4494 821 4555 Sicut
855 4514 1000 4555 vero
1036 4514 1155 4555 non
1191 4493 1343 4553 facit
1378 4514 1583 4570 unum,
1623 4494 1709 4555 ita
1742 4514 1938 4571 neque
1973 4492 2202 4555 faciant
2235 4497 2434 4557 omnia
2462 4504 2723 4575 oportet.
2753 4496 2919 4574 Ergo
