3738 5268
865 471 946 539 20
1739 494 2019 542 mmmm
2060 490 2264 540 Bavm

859 676 1045 753 nuet,
1071 670 1250 736 sicut
1279 675 1650 755 antequam
1672 670 2062 751 doceamuS,
2090 667 2321 734 omnia
2349 688 2474 731 nos
2497 663 2917 751 praehabere
2943 685 3139 751 opor-

859 801 980 877 tet,
1008 799 1077 860 et
1107 793 1364 859 librum
1390 794 1620 860 omnia
1654 792 2126 859 continentem
2149 812 2491 857 assumere
2521 772 3002 877 praecipimus.
3030 787 3136 853 Ob

855 943 1007 986 eam
1043 926 1279 986 tamen
1316 943 1590 987 causam
1626 920 1959 985 usitatam
1995 915 2412 1006 procedendi
2457 915 2798 982 rationem
2836 936 2978 980 non
3016 913 3138 979 im-

855 1050 1255 1138 probamUS,
1313 1071 1487 1135 quae
1534 1048 1725 1114 velut
1770 1047 1858 1114 ab
1907 1045 2173 1113 occulto
2239 1043 2516 1130 singula
2564 1040 3004 1107 membratim
3065 1046 3135 1105 et

767 1183 808 1248 ὅ
856 1179 1126 1244 concise
1170 1178 1402 1265 palam
1449 1176 1704 1258 educit,
1744 1173 1926 1240 forte
1970 1196 2096 1261 pro
2134 1172 2584 1258 reliquiarum
2631 1171 2907 1236 illarum
2953 1190 3139 1264 revef

854 1305 1079 1372 rentia
1139 1311 1209 1370 et
1268 1301 1952 1390 multiplicandorum
2011 1300 2512 1366 theorematum
2557 1298 2939 1379 maiestate,
3001 1318 3135 1382 quo

852 1431 1128 1518 singula
1166 1437 1500 1516 tanquam
1537 1428 1853 1516 pluribus
1890 1427 2149 1493 vallata
2181 1425 2520 1491 ministris
2560 1424 2941 1490 illustriora
2983 1447 3137 1490 cen-

852 1564 1133 1624 seantur
1178 1555 1627 1643 problemata.
1674 1552 1894 1619 Nobis
1938 1574 2103 1617 vero
2149 1550 2250 1616 ita
2296 1550 2655 1637 negotium
2701 1573 2939 1637 gerere
2978 1573 3136 1616 con-

852 1683 1129 1767 sulitur,
1162 1688 1242 1748 ut
1273 1680 1596 1747 universa
1620 1686 1828 1764 atque
1860 1678 2134 1764 singula
2160 1676 2522 1761 sigiHatim
2546 1676 2622 1741 in
2651 1676 2974 1743 universo
3005 1699 3131 1764 pro

722 1814 807 1877 10
852 1809 1043 1877 virili
1082 1807 1566 1895 conspicienda
1604 1806 1996 1890 educamus,
2031 1810 2110 1869 ut
2135 1803 2194 1868 si
2217 1825 2359 1868 non
2392 1825 2686 1890 semper,
2725 1803 3130 1890 plerumque

848 1942 1081 2002 tamen
1130 1934 1389 2020 absque
1436 1932 1572 1998 alia
1630 1930 2087 2018 explicatione
2151 1929 2646 1995 demonstratio
2705 1935 2775 1994 et
2831 1928 2982 2016 ipsa
3029 1928 3130 1993 rei

847 2061 1198 2129 evidentia
1236 2059 1555 2126 omnibus
1616 2057 1933 2123 absoluta
1991 2055 2296 2122 numeris
2352 2077 2436 2120 ex
2483 2055 2672 2121 omni
2718 2062 2918 2143 parte
2981 2078 3130 2120 sen-

850 2188 1041 2255 sibus
1079 2185 1518 2269 subiiciatur,
1554 2207 1778 2270 neque
1815 2182 2109 2249 aliorum
2148 2205 2335 2249 more
2381 2182 2951 2270 contemplandae
2989 2190 3127 2249 sta-

849 2320 1011 2380 tuae
1078 2336 1266 2379 nunc
1331 2311 1609 2397 quidem
1654 2310 1925 2398 pedem,
1973 2333 2159 2376 nunc
2205 2310 2505 2395 oculum,
2561 2332 2749 2376 nunc
2795 2308 3124 2394 frontem,

715 2452 801 2517 15
850 2461 1036 2505 nunc
1082 2460 1246 2505 vero
1294 2443 1561 2503 caetera
1609 2436 1911 2518 seorsim,
1959 2435 2076 2501 sed
2123 2441 2226 2520 (ut
2273 2435 2724 2519 decrevimus)
2773 2435 3004 2501 omnia
3050 2435 3126 2501 in

846 2563 1143 2651 singulis
1168 2570 1236 2628 et
1261 2562 1535 2649 singula
1567 2561 1641 2626 in
1666 2560 2012 2646 omnibus,
2039 2567 2119 2627 ut
2157 2566 2396 2626 mutua
2428 2560 2796 2627 collatione
2828 2559 3126 2649 amplius

848 2691 1309 2774 illustrentur,
1350 2689 1792 2776 explicamus.

1017 2815 1319 2880 Nomina
1355 2815 1581 2880 tribus
1615 2814 1883 2900 figuriS,
1922 2835 2048 2900 pro
2085 2812 2461 2879 universali
2505 2811 2877 2879 earundem
2909 2811 3122 2878 facul·
3170 2822 3227 2882 b
3250 2822 3358 2884 4²·

840 2945 984 3004 tate
1023 2946 1230 3025 atque
1269 2961 1423 3022 usn,
1449 2960 1591 3004 non
1613 2938 1786 3003 citra
1816 2938 2155 3003 rationem
2188 2936 2714 3022 destinavimuS,
2755 2944 2833 3002 ut
2864 2937 3118 3024 prima,

706 3073 796 3136 20
844 3084 1016 3147 quae
1056 3069 1362 3149 quatuor
1399 3062 1674 3129 circulis
1712 3069 1951 3128 mutuo
2000 3085 2071 3128 se
2106 3085 2230 3149 per
2276 3068 2512 3128 centra
2557 3063 3114 3149 penetrantibuS,

838 3189 1361 3277 implicantibus
1396 3198 1603 3276 atque
1650 3189 1962 3256 coinsitis
1999 3188 2380 3276 perficitur,
2413 3188 2637 3274 figura
2674 3189 2930 3255 Mentis
2969 3189 3119 3255 uni-

837 3337 1034 3381 versa
1073 3315 1495 3380 continentis
1533 3320 1602 3380 et
1642 3314 1717 3379 in
1755 3314 2027 3380 unitate
2075 3313 2370 3399 quadam
2416 3313 2840 3400 implicantis
2888 3314 3118 3401 appel-

838 3439 1035 3504 letur.
1087 3438 1427 3524 Secunda,
1478 3446 1799 3506 constans
1837 3446 2100 3526 septem
2138 3462 2209 3503 se
2246 3438 2755 3524 attingentibus
2814 3437 3115 3523 circuIiS,

837 3585 1084 3650 nempe
1120 3562 1193 3628 in
1233 3563 1511 3650 punctis
1554 3586 1688 3649 quo
1721 3570 1960 3629 mutuo
2000 3586 2141 3630 non
2163 3568 2529 3650 penetrent
2566 3570 2635 3629 et
2673 3563 3115 3649 intersecent,

704 3691 790 3756 25
835 3690 1057 3775 figura
1079 3689 1479 3754 Intellectus
1504 3689 1733 3755 omnia
1759 3689 2254 3775 distinguentis
2275 3689 2711 3777 propriisque
2728 3690 3116 3758 rationibus

836 3813 1315 3882 distribuentis
1346 3816 1753 3902 appellatur.
1776 3815 2027 3882 Tribus
2047 3816 2257 3881 etiam
2285 3816 2737 3882 concentricis
2755 3817 3115 3884 efformata

836 3938 1138 4024 circuIiS,
1175 3945 1419 4027 utpote
1469 3963 1758 4026 quorum
1796 3940 1978 4005 idem
2011 3946 2079 4006 et
2112 3963 2327 4007 unum
2358 3941 2797 4008 individuum
2828 3948 2932 4009 est
2965 3966 3116 4009 cen-

834 4070 1045 4149 trum,
1073 4065 1257 4150 quod
1294 4073 1396 4132 est
1419 4067 1748 4154 primum,
1780 4065 1986 4132 unica
2012 4088 2282 4152 quoque
2318 4090 2458 4133 non
2487 4067 2715 4133 minus
2738 4074 2844 4134 est
2866 4069 3113 4136 ultima

833 4191 1406 4279 circumferentia,
1437 4216 1610 4280 quae
1630 4199 1734 4260 est
1766 4200 2174 4278 extremum,
2207 4194 2430 4279 figura
2462 4201 2644 4260 certe
2676 4198 2908 4262 omnia
2932 4219 3112 4264 com-

702 4321 789 4386 30
832 4317 1195 4404 plectentis
1234 4326 1302 4385 et
1339 4319 1645 4385 unientis
1684 4319 1958 4384 dicitur.
1998 4319 2232 4384 Tertia
2269 4319 2578 4405 tandem,
2617 4343 2792 4407 quae
2825 4328 2978 4388 tum
3014 4330 3113 4391 at-

832 4444 1266 4530 tingentibus
1335 4451 1485 4511 tum
1557 4444 2137 4511 intersecantibus
2210 4469 2280 4511 se
2349 4446 2623 4513 circulis
2699 4448 3107 4536 explicatur,

96 4771 103 4792 ι

95 4841 759 5120 VN*

760 5123 817 5158 ⁸25!
