3738 5268
831 496 945 554 146
1448 505 1726 549 mimam
1767 502 1973 547 imvm
2015 502 2106 546 nn
2147 501 2417 562 ummo,
2463 502 2504 545 1.

929 649 941 666 ’
1002 662 1304 750 Concipe
1341 683 1550 747 segne
1588 659 1863 724 infinite
1902 658 2340 741 tardumque,
2381 680 2667 724 manens
2705 665 2845 742 est3

826 779 1033 845 Ocius
1078 786 1381 843 extreme
1419 782 1488 841 et
1528 775 1734 841 celeri
1767 775 1916 839 sine
1953 775 2089 839 fine
2127 782 2388 857 meatu,

824 895 951 960 Est
982 917 1152 981 opus
1190 899 1268 960 ut
1306 898 1599 957 maneat.
1637 890 1921 956 Summa
1960 889 2032 954 vi
2071 889 2382 955 concitus
2424 890 2609 955 orbis
3062 921 3114 959 σε»

824 1011 1056 1076 Motus
1088 1011 1220 1074 erit
1258 1014 1543 1096 punct0,
1585 1006 1790 1072 simul
1829 1012 2038 1090 atque
2075 1006 2466 1071 movebitur
2502 1029 2664 1090 un0‚

736 1129 778 1192 5
826 1125 1188 1191 Terminus
1227 1132 1466 1209 estque
1503 1122 1708 1188 simul
1746 1127 2005 1203 motuS,
2043 1127 2345 1186 attactus
2383 1128 2690 1207 uterque.

823 1243 1023 1320 Quod
1054 1242 1113 1308 si
1146 1265 1217 1308 se
1256 1242 1327 1306 in
1369 1240 1639 1326 cyclum
1676 1245 1931 1321 vertat,
1972 1238 2370 1327 pariterque
2403 1246 2719 1306 movetur

822 1361 915 1425 Et
953 1366 1121 1442 stat3
1162 1381 1324 1424 nam
1364 1357 1572 1422 simul
1604 1356 1660 1421 it
1697 1355 2000 1439 rediens,
2035 1355 2378 1441 rediitque
2417 1356 2792 1442 quiescens.

824 1474 1254 1562 Simpliciter
1292 1473 1568 1540 tardum
1603 1479 1672 1538 et
1706 1471 1891 1559 quod
1924 1495 2194 1559 semper
2224 1482 2615 1560 permanet,
2651 1474 2831 1540 idem
2865 1483 2995 1558 est;
3071 1505 3122 1542 το

821 1594 1098 1660 Vadens
1139 1599 1209 1658 et
1246 1591 1517 1658 rediens
1557 1590 1790 1674 simul,
1829 1590 1903 1655 id
1935 1598 2200 1656 motum
2238 1598 2449 1676 atque
2489 1591 2802 1677 quietum
2841 1599 2964 1658 est.

694 1719 776 1781 10
821 1713 1007 1797 Ergo
1049 1711 1244 1797 quies
1283 1717 1646 1795 motusque
1684 1710 1890 1775 simul
1928 1717 2092 1776 sunt
2131 1710 2430 1775 maxime
2467 1710 2541 1774 in
2581 1710 2699 1776 illo

819 1829 1004 1912 UnO,
1040 1827 1224 1914 quod
1262 1827 1547 1893 minime
1585 1833 1876 1910 motum,
1919 1826 2103 1911 quod
2141 1826 2439 1891 maxime
2477 1826 2796 1912 idemque
2834 1834 2964 1908 est,

816 1947 881 2011 A
918 1945 1055 2010 fine
1093 1945 1181 2010 ad
1219 1946 1429 2010 finem
1467 1945 1822 2031 gradiens,
1860 1944 2216 2009 immobile
2254 1966 2561 2030 prorSUS,

816 2066 909 2132 Et
947 2065 1153 2130 simul
1185 2065 1259 2130 in
1298 2065 1566 2131 cunctis
1606 2071 1829 2130 totum
1864 2069 2098 2129 manet
2135 2072 2204 2129 et
2243 2086 2447 2151 super
2487 2063 2655 2149 ipsa.
3064 2095 3116 2134 τε,

820 2180 936 2247 Sic
975 2181 1318 2247 monaden
1353 2189 1630 2267 praeter
1667 2180 1843 2245 nihil
1878 2189 2007 2264 est,
2050 2180 2210 2267 quia
2249 2202 2536 2267 corpora
2573 2180 2675 2245 nil
2714 2187 2878 2246 sunt

691 2297 772 2361 15
822 2297 1015 2363 Citra
1054 2304 1390 2381 atomum,
1430 2297 1715 2384 planum
1749 2296 1927 2360 nihil
1967 2303 2162 2361 extra
2197 2304 2458 2383 puncta
2490 2296 2876 2383 putandum
2908 2305 3038 2382 est,

821 2413 1016 2479 Nihil
1051 2419 1328 2500 praeter
1364 2413 1707 2478 monaden
1745 2435 2100 2497 numerus,
2140 2413 2318 2477 nihil
2356 2413 2588 2478 omnia
2627 2413 2907 2479 tandem

820 2533 981 2598 Non
1019 2537 1297 2596 extante
1336 2553 1495 2597 uno.
1534 2531 1773 2616 Neque
1806 2531 2393 2618 contemplabitur
2431 2555 2594 2618 ergo

821 2651 1024 2715 Nunc
1059 2648 1388 2735 physicus
1429 2648 1793 2733 quisquam
1822 2655 1943 2713 aut
1973 2648 2201 2715 studio
2243 2649 2647 2735 cuicumque
2676 2650 3003 2717 mathesis
3068 2680 3120 2718 so

824 2762 1227 2845 Intendens,
1268 2761 1547 2850 sophiae
1586 2769 1707 2828 aut
1746 2770 2034 2850 captans
2075 2765 2400 2830 sublimia
2436 2766 2733 2852 primae,

691 2876 780 2940 20
824 2880 976 2946 Hoc
1014 2879 1159 2945 sine
1191 2878 1554 2966 principiO.
1595 2878 1950 2964 Siquidem
1992 2886 2251 2965 quanto
2291 2880 2496 2947 altior
2535 2881 2651 2946 ille

824 2994 1201 3078 Incumbit,
1241 2993 1474 3058 lumen
1506 2995 1727 3078 magis
1767 2995 2204 3082 intenditque
2237 3019 2557 3083 superne,

824 3110 976 3174 Hoc
1014 3132 1258 3197 operae
1296 3109 1603 3196 precium
1642 3117 1745 3175 est
1782 3120 1861 3175 ut
1898 3112 2055 3197 plus
2094 3135 2164 3177 se
2198 3112 2507 3196 colligat,
2548 3118 2758 3197 atque

827 3226 1221 3292 Discutiens
1252 3249 1616 3292 numerum
1655 3228 1730 3291 in
1767 3228 2109 3293 monaden
2148 3250 2218 3292 se
2257 3228 2582 3311 invertat,
2621 3237 2690 3293 et
2738 3228 2961 3315 ipsam
3065 3257 3117 3295 ³5

829 3339 943 3406 Sic
982 3349 1093 3406 eat
1129 3340 1205 3406 in
1243 3342 1630 3425 monadem,
1681 3350 1759 3408 ut
1796 3342 1974 3408 hanc
2012 3344 2087 3409 in
2126 3367 2195 3409 se
2236 3343 2599 3409 contrahat
2630 3343 2832 3409 idem.

696 3557 782 3621 25
994 3554 1047 3610 1.
1089 3550 1403 3610 Minimum
1439 3550 1931 3630 potentissimum
1977 3561 2073 3614 est
2121 3553 2415 3630 omnium,
2464 3553 2692 3631 qnippe
2729 3552 2893 3630 quod
2939 3573 3114 3613 omne

830 3677 1218 3746 momentum,
1258 3693 1597 3749 numerum,
1629 3674 2108 3750 magnitudinem
2145 3674 2376 3733 clandit
2408 3682 2590 3750 atque
2628 3674 2940 3735 virtutem.
2964 3676 3114 3736 Eius

834 3797 930 3846 est
972 3807 1364 3866 componere,
1410 3809 1660 3867 augere,
1716 3788 2008 3867 formare,
2067 3800 2130 3851 et
2180 3792 2429 3850 tandem
2487 3811 2624 3852 esse
2680 3794 3112 3874 compositum,

834 3901 1160 3983 formatum
1196 3914 1380 3981 atque
1416 3926 1700 3983 magnum
1734 3927 1927 3983 usque
1968 3909 2044 3966 ad
2090 3908 2444 3986 maximum,
2490 3908 2652 3984 quod
2708 3929 2843 3969 cum
2897 3909 3116 3972 eodem

836 4020 1178 4080 coincidere
1213 4022 1359 4080 alibi
1393 4023 1635 4100 planius
1672 4024 2103 4101 expressimus.

704 4145 791 4207 30
996 4141 1031 4187 ’Π
1067 4140 1158 4196 16.
1203 4138 1371 4197 Deus
1408 4149 1503 4197 est
1538 4139 1862 4198 monadum
1897 4160 2124 4219 monas,
2160 4161 2379 4219 nempe
2415 4143 2643 4204 entium
2676 4145 2925 4221 entitas;
2971 4165 3113 4222 qua·
3161 4168 3245 4229 p,
3287 4155 3408 4217 1²?

838 4262 1092 4331 propter
1142 4255 1322 4315 etiam
1380 4256 1565 4332 vulgo
1631 4258 2206 4336 philosophantibus
2264 4280 2372 4321 ens
2417 4270 2479 4320 et
2532 4282 2713 4320 unum
2768 4282 2888 4321 non
2945 4261 3116 4321 diffe-

836 4379 994 4430 runt.
1032 4370 1203 4431 Sicut
1239 4393 1385 4449 ergo
1420 4394 1530 4451 per
1558 4375 1876 4435 monadem
1907 4377 2105 4435 omnia
2140 4386 2284 4437 sunt
2310 4399 2519 4454 unum,
2553 4380 2642 4439 ita
2677 4391 2740 4440 et
2771 4401 2882 4458 per
2918 4403 3114 4441 mona-

837 4490 975 4548 dem
1011 4497 1177 4566 sunt;
1215 4492 1453 4567 quando
1490 4494 1649 4570 quod
1686 4514 1868 4553 unum
1904 4516 2022 4555 non
2060 4506 2180 4573 est,
2222 4498 2373 4557 nihil
2409 4501 2648 4560 omnino
2685 4510 2799 4563 est.

392 4866 883 5055 [Ὗ.
