3738 5268
1229 511 1856 558 con'rEMPLA'rlonns
1896 512 1984 556 Ex
2026 513 2285 558 ummo.
2780 502 2897 560 205

621 665 1033 750 Quicquam,
1076 665 1195 750 qui
1231 688 1517 732 numero
1555 689 1696 733 non
1732 668 1923 755 ipsus
1959 675 2319 756 permanet
2357 669 2564 752 idem,

616 781 784 847 Plus
816 804 1023 868 quam
1061 781 1406 867 materies,
1448 805 1623 868 quae
1658 806 1797 849 non
1830 784 2198 872 absumpta
2234 784 2414 850 nihil
2450 786 2557 868 fit,
2821 814 2899 853 115

615 896 787 982 Aut,
827 904 906 963 ut
942 898 1195 983 vulgus
1233 899 1362 983 ait,
1402 899 1754 985 peregrini
1793 900 2097 987 corporis
2135 924 2281 967 esse

616 1012 962 1100 Concipit,
1001 1020 1075 1079 at
1112 1020 1387 1079 tantum
1426 1016 1718 1102 sparsim
1755 1016 2057 1082 resoluta
2089 1018 2373 1101 recedit,

528 1132 570 1194 5
616 1130 714 1197 Ut
751 1130 1031 1217 proprio
1062 1138 1447 1197 monstrare
1481 1132 1632 1198 loco
1661 1132 1969 1198 methodi
2006 1133 2185 1199 ratio
2222 1140 2446 1219 urget.

616 1247 802 1333 Ergo
835 1254 914 1313 ut
952 1255 1382 1335 compostum
1421 1248 1812 1314 substantia
1850 1250 2155 1336 corporis
2189 1272 2334 1315 esse

615 1364 711 1428 Te
743 1363 914 1429 facit
951 1363 1025 1429 in
1058 1365 1262 1431 certis
1300 1366 1606 1431 numeris
1645 1365 2047 1452 spectabile,
2087 1389 2250 1431 sane
2482 1368 2489 1373 ’
2826 1395 2905 1432 120

616 1478 775 1543 Non
811 1501 1120 1564 unquam
1156 1481 1415 1568 poteris
1452 1482 1560 1547 bis
1592 1480 1807 1547 dicier
1843 1505 2026 1548 unus
2058 1488 2127 1547 et
2165 1482 2366 1546 idem.

615 1595 813 1660 Adde
855 1597 1036 1681 quod
1073 1605 1142 1662 et
1179 1599 1371 1663 velut
1409 1598 1484 1663 in
1531 1598 1734 1664 rebus
1771 1621 1913 1664 non
1952 1598 2287 1685 comperit
2319 1605 2480 1663 actu

487 1702 572 1765 10
618 1711 1043 1798 Simpliciter
1081 1713 1447 1779 minimum
1485 1715 1643 1801 plus
1683 1737 1890 1799 quam
1928 1721 2180 1779 natura
2216 1714 2603 1795 resolvens3

614 1828 923 1893 Naturae
965 1828 1309 1914 siquidem
1348 1830 1716 1895 minimum
1753 1837 1940 1896 certo
1979 1830 2054 1895 in
2090 1852 2342 1916 genere
2385 1852 2565 1912 esse,

612 1943 771 2011 Non
809 1952 1040 2011 autem
1080 1945 1485 2011 abstractim
1523 1947 1916 2028 minimum,
1956 1946 2180 2033 logica
2220 1954 2429 2030 atque
2463 1944 2793 2011 mathesis
2826 1975 2905 2014 125

613 2061 901 2145 Edocet;
936 2062 1007 2127 id
1046 2063 1104 2127 si
1143 2063 1267 2146 sic,
1309 2063 1511 2148 addo,
1551 2086 1773 2149 neque
1810 2063 2189 2129 maximum
2228 2084 2542 2148 unquam

614 2176 1040 2265 Simpliciter
1075 2180 1442 2267 quisquam
1473 2181 1732 2269 poterit
1764 2181 1990 2264 finire,
2031 2205 2157 2247 nec
2189 2181 2408 2247 ullum

482 2289 564 2352 15
614 2294 1037 2379 Simpliciter
1075 2297 1378 2362 medium
1417 2304 1487 2362 et
1523 2320 1738 2383 aeque
1775 2296 1863 2363 ad
1899 2304 2205 2363 extrema
2239 2298 2556 2380 relatum;

613 2410 792 2475 Nam
830 2411 1095 2477 nullum
1136 2435 1294 2477 vere
1331 2420 1460 2498 est,
1500 2413 1559 2479 si
1598 2436 1634 2478 e
1673 2414 1890 2479 ternis
1928 2435 2069 2480 non
2107 2413 2237 2478 siet
2264 2435 2504 2480 unum.

772 2643 1019 2720 Figura,
1056 2664 1234 2720 qnam
1268 2644 1331 2704 in
1365 2647 1624 2705 materia
1657 2665 1867 2706 veram
1910 2665 2030 2706 non
2083 2665 2221 2707 esse
2275 2644 2644 2722 concedunt,
2685 2663 2897 2705 secun-

612 2757 755 2818 dum
790 2759 1045 2818 rationis
1079 2760 1471 2822 nihilominus
1505 2781 1770 2822 canones
1809 2762 1888 2822 ad
1932 2762 2384 2823 exactissimum
2426 2781 2617 2839 usque
2670 2768 2893 2839 putant

613 2873 912 2953 invenire,
949 2894 1390 2954 successusque
1418 2878 1655 2938 interea
1688 2878 1939 2939 eosdem
1961 2878 2188 2957 duplici
2211 2877 2574 2938 infelicitate
2612 2876 2891 2937 laborare

477 2986 566 3049 20
609 2993 915 3053 convincit
929 3014 943 3068 ;
979 3014 1092 3054 nos
1125 3014 1272 3055 vero
1303 2994 1448 3055 dum
1489 2997 1551 3054 in
1595 3015 1780 3074 opere
1821 3015 2019 3072 neque
2059 3015 2348 3074 urgemus
2400 2994 2747 3073 quippiam,
2789 3013 2893 3054 ne-

611 3131 726 3188 que
760 3112 1229 3190 praesumimus,
1268 3112 1506 3187 quando
1546 3132 1618 3172 ea
1651 3112 1770 3191 ipsi
1810 3121 2066 3173 naturae
2122 3120 2185 3172 et
2239 3113 2656 3191 operationem
2709 3118 2894 3188 atque

612 3249 896 3290 numeros
947 3229 1266 3306 sigillatim
1321 3238 1384 3291 et
1444 3229 1777 3290 secundum
1826 3230 2024 3308 ipsam
2080 3230 2523 3291 communiores
2583 3229 2678 3309 ra!
2695 3229 2894 3289 tiones
2941 3244 3024 3305 p.
3053 3229 3176 3294 71

610 3366 729 3407 non
753 3365 889 3407 esse
913 3347 1284 3420 geometrice
1312 3347 1631 3423 regulares
1654 3346 2043 3425 agnoscimus
2054 3367 2069 3422 ;
2093 3366 2213 3405 non
2249 3345 2407 3406 enim
2441 3364 2723 3423 usquam,
2762 3345 2895 3406 sive

610 3462 1004 3541 particularia
1071 3464 1202 3524 sive
1264 3468 1506 3544 species
1564 3464 1628 3524 in
1684 3474 1903 3525 natura
1963 3465 2374 3525 consistentes
2446 3463 2769 3543 inspicias,
2832 3434 2906 3522 in,

478 3580 563 3642 25
608 3580 772 3641 idem
806 3603 843 3641 a
875 3601 992 3659 quo
1029 3581 1463 3642 exordiebatur
1498 3583 1806 3643 minimum
1842 3584 2082 3643 omnino
2111 3582 2370 3644 desinet.
2410 3582 2702 3655 Quamvis
2737 3581 2896 3642 enim

612 3721 731 3760 una
764 3702 847 3762 sit
880 3701 1243 3780 simpliciter
1276 3701 1506 3761 minimi
1549 3701 1939 3780 magnitudo,
1982 3701 2061 3760 ad
2105 3702 2481 3779 singularum
2517 3709 2729 3762 tamen.
2764 3720 2897 3780 spe-

611 3816 839 3877 cierum
899 3816 1177 3877 ordinem
1227 3825 1291 3877 et
1346 3816 1725 3894 singulorum
1781 3817 1845 3876 in
1910 3817 2236 3895 speciebus
2290 3817 2745 3878 individuorum
2809 3817 2899 3878 ita

611 3934 784 3994 varia
818 3942 1246 4012 supponuntur
1281 3953 1421 3995 esse
1453 3933 1722 4012 minima,
1764 3931 2271 4008 quemadmodum
2309 3941 2371 3993 et·
2413 3933 2623 3994 variae
2658 3932 2899 4012 species

611 4048 1041 4128 producendae
1076 4029 1501 4125 s'ubiiciuntum
1543 4059 1607 4111 et
1639 4071 1760 4111 una
1793 4051 2036 4130 species
2079 4049 2334 4110 alterius
2370 4057 2467 4110 est
2500 4048 2893 4128 principium,

478 4169 567 4232 30
612 4165 772 4226 sicut
803 4167 882 4225 ab
917 4166 1267 4245 embryonis
1301 4165 1508 4244 specie
1543 4166 1675 4226 sine
1709 4167 2086 4228 resolutione
2123 4166 2198 4227 ad
2237 4166 2518 4227 animalis
2550 4165 2896 4227 hominisve

611 4282 882 4360 speciem
917 4283 1097 4342 datur
1127 4302 1430 4343 accessus.

1127 4442 1458 4447 -.—-—-.——.—
1473 4442 2329 4448 —qffl
2342 4442 2523 4448 ——.--—
2558 4441 2591 4446 -ι
2640 4443 2677 4446 --
2734 4443 2749 4446 -
2762 4440 2891 4448 -———-

801 4533 858 4582 17
881 4533 1034 4597 form:
1060 4532 1332 4598 Figuram
