3738 5268
846 745 1459 850 IORDANI
1568 746 2017 848 BRVNI
2136 747 2315 849 ΝΟ
2341 745 2689 849 LANI
2956 789 3035 849 ι).
3074 776 3119 836 1

1029 1001 1156 1064 DE
1204 1000 1530 1065 MINIMI
1580 999 2160 1065 EXISTENTIA
2208 1000 2516 1066 LIBER.

1566 1838 1871 1904 CAPV'P
1942 1839 1995 1902 I.

764 2009 1008 2051 praeludia
1033 2009 1155 2049 circa
1184 2007 1501 2056 intentionem,
1526 2005 1773 2046 efficientes
1801 2014 1984 2052 musas,
2016 2005 2165 2046 modia
2189 2009 2235 2045 ct
2265 2006 2442 2045 modum
2467 2005 2773 2056 procedendi.

544 2191 586 2256 ὅ
809 2197 908 2264 Ut
946 2218 1139 2261 mens
1177 2201 1467 2260 naturae
1504 2192 1833 2259 subiectis
1865 2192 2077 2258 insita
2113 2193 2318 2259 rebus

630 2311 1002 2379 Momentis
1039 2309 1443 2396 graduanda
1482 2309 1623 2375 suis
1661 2308 2031 2396 depromit,
2070 2316 2140 2374 et
2173 2309 2360 2396 aptis

634 2429 1011 2496 Ordinibus
1050 2426 1358 2494 conflans
1395 2425 1700 2491 numeris
1745 2424 2179 2491 discriminat
2217 2425 2388 2510 alte,

635 2541 749 2609 Sic
780 2542 1073 2609 rationis
1105 2563 1305 2629 opus,
1345 2541 1443 2606 sic
1480 2541 1719 2608 vivida
1765 2540 1874 2606 vis
1913 2539 2086 2606 aciei

632 2660 942 2726 Humani
980 2681 1216 2726 sensus
1261 2664 1495 2747 partes
1534 2657 1784 2745 quibus
1817 2657 2122 2745 applicet
2159 2657 2327 2741 inis,
2897 2685 2923 2723 5

504 2772 589 2837 lO
632 2774 990 2841 Mensuras
1031 2774 1280 2861 quibus
1318 2774 1680 2863 expendat,
1720 2773 2194 2862 praeconcipit
2231 2772 2402 2860 ipsis

632 2891 717 2957 In
754 2890 1046 2974 foribuS,
1090 2912 1379 2977 quarum
1415 2891 1661 2979 palans
1697 2912 1738 2956 a
1775 2890 2031 2956 finibus
2063 2889 2310 2976 ingens

632 3008 865 3075 Turba
904 3009 1369 3097 sophistarum
1406 3030 1640 3075 caecos
1675 3008 2130 3074 nihilominus
2169 3007 2340 3073 orba

631 3124 941 3211 Longius
979 3125 1291 3207 abduxit,
1336 3147 1544 3210 quam
1581 3147 1704 3212 per
1736 3124 2141 3211 compendia
2178 3123 2450 3210 possint

633 3242 779 3308 Aut
814 3241 1084 3307 levibus
1122 3240 1307 3306 notis
1353 3240 1636 3307 meliora
1669 3262 2018 3327 capessere
2055 3238 2270 3323 dicta,
2869 3269 2917 3305 10

502 3351 586 3416 15
634 3358 857 3443 Seque
894 3357 1077 3425 ultro
1113 3356 1288 3423 lucis
1323 3379 1770 3444 peramoenos
1804 3363 2072 3421 vertere
2103 3355 2192 3421 ad
2230 3363 2454 3440 ortuS,

631 3474 833 3541 Unde
871 3472 1060 3539 subit
1098 3472 1439 3558 quidquid
1473 3480 1725 3539 natura
1758 3471 2101 3538 coloribus
2141 3478 2350 3557 atque

632 3587 935 3653 Vocibus
972 3586 1233 3652 affabre
1272 3586 1591 3673 depingit
1627 3593 1696 3651 et
1734 3586 2010 3651 intonat
2048 3584 2248 3651 alma.

634 3702 691 3768 O
729 3710 834 3787 tu,
877 3703 997 3789 qui
1033 3702 1345 3768 flammas
1382 3702 1660 3767 mortali
1698 3701 1773 3766 in
1810 3700 2012 3768 corde
2049 3722 2385 3788 perennes
2959 3703 3038 3763 Ρ·
3076 3690 3141 3751 2

633 3818 1030 3897 SuccendiS,
1078 3826 1454 3905 pectusque
1492 3839 1720 3883 meum
1758 3839 2170 3903 consurgere
2215 3822 2414 3881 tanto
2865 3844 2914 3882 ιε

497 3933 587 3998 20
631 3935 925 4002 Lumine
963 3934 1226 4000 iussisti
1257 3941 1591 4019 tantoque
1630 3933 1962 3999 calescere
1999 3933 2087 3999 ab
2127 3933 2317 4019 igne,

633 4052 908 4131 Quanto
947 4073 1073 4138 ego
1107 4051 1473 4133 sidereum,
1512 4050 1731 4137 pulsis
1768 4049 1931 4114 hino
1968 4049 2128 4114 inde
2166 4048 2471 4114 tenebris

631 4167 723 4234 Et
756 4167 951 4254 segni
989 4166 1289 4232 edomito
1326 4165 1672 4231 tardantis
1708 4163 2011 4252 pondere
2051 4164 2280 4247 moliS,

633 4283 1015 4352 Pervadam
1055 4282 1466 4349 immensum
1503 4281 1795 4347 sublatis
1834 4281 2148 4347 sensibus
2188 4280 2459 4363 orbem;

819 4534 879 4583 15
911 4545 1281 4602 peramaenos
