3738 5268
1491 519 1579 565 nn
1621 517 1949 565 MnusvnA.
2738 499 2855 560 323

575 673 906 752 ripheriam
961 674 1151 735 costis
1188 675 1564 751 constitutis,
1601 673 1786 734 tertio
1828 673 2026 735 altera
2058 675 2325 750 illarum,
2373 682 2589 751 quarto
2625 674 2848 751 angulo

575 789 709 867 ipso
745 790 1156 869 peripheriam
1192 790 1555 868 attingente.

736 905 768 951 Ἥ
813 907 914 967 Sic
943 916 1006 969 et
1038 908 1260 985 angulo
1295 909 1533 968 interno
1578 908 1895 986 aequalem
1938 910 2014 968 ab
2057 907 2348 968 extremis
2389 909 2669 987 partibus
2704 908 2854 968 exci-

579 1023 715 1101 pies
746 1031 1006 1102 utroque
1041 1025 1297 1086 ulterius
1330 1024 1524 1086 latere
1553 1025 1851 1104 producto
1891 1033 1953 1085 et
1988 1032 2199 1084 centro
2239 1025 2303 1083 in
2343 1025 2478 1103 ipso
2516 1022 2738 1101 angulo
2769 1043 2860 1084 re-

491 1143 533 1207 5
581 1150 758 1222 cepto
808 1146 1274 1222 quanticumque
1330 1146 1563 1218 circuli,
1611 1146 1713 1222 qui
1757 1167 1794 1205 a
1834 1146 2114 1206 terminis
2166 1146 2336 1205 basis
2392 1146 2454 1204 in
2509 1144 2861 1225 peripheria

577 1263 921 1341 designatis
980 1266 1042 1324 in
1108 1273 1382 1325 centrum
1431 1263 1832 1325 refluentibus
1882 1265 2079 1325 radiis
2143 1273 2527 1344 asportatum
2570 1264 2858 1342 angulum

579 1381 950 1444 adservabit.

1467 1754 1772 1821 OAPVT
1838 1755 1966 1819 IX.

1478 2014 1957 2060 DISCVNEATOR.

447 2161 532 2224 10
1509 2187 1733 2236 Angulum
1767 2188 1935 2228 hiscem

754 2401 1082 2466 Finditur
1117 2402 1193 2466 in
1229 2402 1541 2487 geminas
1573 2408 1804 2488 partes
1835 2402 2039 2468 facile
2076 2406 2372 2490 angulus
2412 2429 2670 2491 aequas

577 2518 662 2582 In
698 2519 1020 2603 triquetri
1058 2519 1353 2606 speciem
1392 2519 1699 2605 migra-ns
1738 2519 1822 2584 cle
1860 2520 2175 2586 cruribus
2214 2523 2473 2607 aequis.

576 2633 761 2721 Ergo
802 2658 1005 2720 quem
1043 2636 1130 2701 ad
1169 2636 1480 2702 Charites
1517 2637 1866 2702 Hermetis
1906 2637 2025 2703 dat
2061 2639 2203 2721 via,
2245 2640 2437 2724 queis
2476 2639 2641 2705 hinc

580 2750 972 2838 Reppertus
1011 2759 1195 2817 recto
1235 2753 1314 2817 fit
1353 2753 1631 2818 tramite
1669 2754 1947 2820 iunctus
1985 2754 2268 2842 Apollo,

451 2860 532 2924 15
582 2866 656 2930 Si
693 2867 854 2932 base
892 2867 1186 2933 donetur
1223 2891 1357 2954 qua
1395 2871 1708 2955 aequalia
1749 2893 1947 2936 crura
1985 2878 2319 2958 reportet,
2837 2900 2861 2937 5

578 2982 843 3069 Nempe
881 2984 981 3049 ita
1017 2985 1127 3050 vel
1166 2994 1424 3051 crescat
1461 3009 1596 3071 qua
1629 3010 1700 3052 se
1739 3010 1809 3052 se
1847 2988 2158 3052 extendit
2196 2988 2455 3074 Apollo

577 3099 689 3164 Ad
728 3099 1205 3186 Ganymedeas
1245 3124 1396 3168 oras
1433 3103 1542 3168 vel
1583 3104 1666 3187 (si
1705 3104 1904 3183 libet)
1943 3106 2263 3188 Hermes,

577 3214 662 3279 In
701 3216 972 3282 Baccho
1011 3218 1321 3302 aequatis
1360 3227 1636 3284 maneat
1675 3243 1829 3285 cum
1868 3218 2193 3306 Apolline
2232 3221 2489 3307 signis3

580 3330 750 3395 Inde
789 3332 1047 3398 bisecta
1086 3334 1270 3399 basis
1307 3335 1532 3400 medio
1573 3358 1983 3423 consurgere
2020 3346 2281 3423 puncto

447 3452 537 3515 20
582 3447 708 3512 Est
745 3449 928 3536 potis
966 3450 1052 3515 ad
1090 3451 1439 3517 Charitem
1478 3476 1515 3518 a
1555 3453 1833 3539 punctis
1872 3454 2058 3519 Iovis
2097 3463 2303 3541 atque
2344 3454 2630 3519 Dianae.
2819 3482 2865 3520 ιο

743 3731 1051 3808 Angulum
1086 3733 1255 3792 iuxta
1301 3734 1557 3812 primam
1587 3740 1768 3810 atque
1804 3734 2132 3794 secundam
2168 3732 2675 3810 significationem
2710 3732 2866 3792 inse-

584 3849 840 3908 cabilem
874 3850 1102 3924 absque
1139 3851 1556 3911 controversia
1589 3850 1931 3928 definitum,
1969 3851 2141 3909 iuxta
2170 3849 2415 3911 tertiam
2470 3847 2866 3927 significatio·

582 3985 720 4025 nem
754 3964 1146 4026 bisecabilem
1181 3966 1478 4026 duntaxat
1504 3967 1757 4043 agnovit
1791 3967 2081 4027 Euclides
2119 3976 2300 4044 atque
2339 3986 2472 4041 nos;
2525 3967 2532 4045 Ι
2571 3965 2863 4044 angulum
2887 3952 3180 4032 p.183

583 4103 731 4144 vero
765 4083 826 4142 in
862 4092 1074 4159 quarto
1107 4082 1449 4160 significato
1485 4085 2028 4164 proportionaliter
2061 4093 2243 4160 atque
2276 4085 2367 4143 illi
2404 4083 2749 4144 subiectum
2780 4081 2863 4141 la-

451 4199 538 4263 25
585 4207 685 4259 tus
717 4199 1224 4260 multisecabilem
1265 4201 1618 4279 accipimuS,
1648 4203 1794 4262 etin
1829 4221 1901 4262 eo
1940 4200 2134 4261 omnis
2168 4220 2489 4261 mensurae
2535 4198 2864 4278 perfectio-

581 4335 721 4376 nem
756 4315 1152 4394 singulariter
1174 4337 1312 4378 esse
1338 4319 1518 4379 sitam
1545 4340 1666 4379 non
1696 4326 1794 4380 est
1819 4320 1919 4395 qui
1946 4339 2082 4379 cum
2101 4319 2339 4378 ratione
2361 4316 2559 4396 possit
2583 4314 2862 4375 inficiari.

769 4532 830 4581 21
865 4532 908 4580 Α
921 4530 1133 4597 ngulus
