3738 5268
872 499 991 557 324
1485 511 1762 557 mamm
1805 509 2009 555 imvm
2049 509 2141 554 nn
2178 510 2454 570 ummo,
2501 509 2563 554 v,

1785 903 2089 967 CAPVT
2156 903 2248 966 X.

1904 1163 2124 1207 FIXOR.

1551 1333 1779 1382 Angulnm
1811 1344 1903 1372 non
1932 1333 2297 1384 plurisecabilem
2326 1333 2476 1374 video.

1043 1590 1274 1674 Atque
1305 1597 1384 1653 ut
1423 1587 1708 1653 dividua
1745 1595 1848 1652 est
1888 1587 1964 1652 in
2000 1587 2253 1652 multas
2284 1589 2467 1652 linea
2504 1588 2788 1675 parteiS,

778 1697 819 1758 ὅ
867 1703 1045 1768 Dein
1083 1705 1217 1769 tibi
1255 1705 1577 1769 dividuus
1616 1703 1965 1769 subiectus
2004 1711 2073 1768 et
2110 1705 2408 1789 angulus
2446 1713 2592 1770 esto
2618 1757 2634 1788 ,

866 1820 1041 1885 Cum
1077 1827 1415 1907 punctum
1447 1820 1534 1885 ad
1569 1843 1784 1885 unum
1823 1820 2049 1885 fluxus
2088 1820 2461 1907 spectando
2500 1820 2861 1886 reclinant.

866 1936 1187 2022 Angulus
1225 1944 1298 2000 at
1335 1942 1531 2001 terno
1572 1945 1886 2001 occurrat
1925 1959 2111 2001 nunc
2149 1936 2568 2021 significatO,

865 2052 1130 2138 Nempe
1169 2061 1246 2117 ut
1285 2052 1395 2117 vel
1431 2052 1695 2138 gemini
1735 2052 2094 2117 confluxus
2134 2052 2470 2117 terminus
2509 2052 2683 2132 exit,
3122 2079 3148 2116 5

864 2166 994 2231 Vel
1033 2167 1399 2233 minimum
1440 2167 1768 2252 quiddam
1807 2169 1989 2253 quod
2030 2168 2254 2232 fluxus
2294 2168 2623 2233 terminat
2661 2166 2929 2248 ambOS,

739 2285 821 2347 10
865 2282 991 2347 Vel
1030 2284 1310 2348 tandem
1348 2285 1720 2372 assumptis
1757 2285 2002 2371 primis
2041 2284 2123 2348 de
2155 2284 2472 2370 partibus
2510 2306 2671 2349 una.

868 2399 1176 2476 Quorum
1212 2401 1544 2467 nimirum
1583 2401 1766 2486 quod
1805 2400 2081 2486 signum
2122 2409 2254 2480 est,
2295 2424 2423 2466 nec
2462 2402 2593 2466 tibi
2631 2409 2899 2465 tactum

865 2516 1033 2581 Esse
1071 2524 1299 2603 potest
1338 2540 1464 2581 nec
1495 2516 1817 2582 divisum.
1857 2517 2363 2601 Minimumque
2402 2516 2693 2581 subinde

865 2633 1265 2719 Aequorum
1298 2642 1484 2699 certo
1522 2657 1809 2700 numero
1848 2633 2190 2699 duntaxat
2228 2633 2463 2699 adesse
3102 2662 3155 2698 ιο

868 2748 1282 2813 Contactum
1318 2750 1576 2836 poterit
1614 2749 1842 2836 posita
1880 2772 2021 2815 non
2058 2749 2293 2815 sectile
2331 2753 2532 2813 sorte.

741 2865 820 2926 15
867 2866 964 2931 At
1003 2890 1164 2932 vero
1204 2876 1509 2932 extremo
1549 2868 1843 2934 donatus
1883 2868 2303 2961 signi-ficatO,

872 2983 1156 3060 Qualem
1195 2984 1282 3049 ad
1318 2984 1773 3072 multiplicem
1806 3008 1885 3050 ac
1917 3008 2245 3070 magnum
2286 2983 2710 3049 sustollimus
2741 3004 2970 3066 usum,

868 3100 1150 3165 Divisus
1187 3102 1394 3188 plane
1434 3102 1663 3167 veniet
1705 3125 1826 3167 ceu
1865 3101 2047 3166 linea
2086 3101 2332 3188 prima.

874 3216 1093 3293 Quam
1133 3225 1386 3282 temere
1426 3217 1700 3282 Euclidi
1740 3218 1871 3282 siet
1910 3240 2020 3283 ars
2059 3217 2325 3281 adiecta
2365 3215 2642 3281 secandi
3101 3241 3151 3280 1⁵

871 3333 1085 3419 Angli
1124 3333 1482 3422 supposito
1524 3334 1794 3419 vulgari
1832 3333 2257 3419 significato,

739 3458 826 3518 ‘20
872 3451 955 3514 In
993 3458 1191 3536 parte
1227 3473 1311 3515 ex
1350 3450 1520 3515 alibi
1558 3449 1764 3514 dictis
1803 3448 2064 3514 factum
2105 3458 2208 3514 est
2246 3447 2718 3531 manifestum,

870 3566 1187 3652 Angulus
1226 3573 1305 3631 ut.
1341 3573 1567 3631 rectus
1605 3588 1729 3652 per
1766 3565 1993 3630 nullas
2033 3564 2267 3629 sectile
2304 3563 2563 3651 parteis

870 3682 1258 3769 Accipitur,
1299 3682 1525 3747 medio
1563 3692 1933 3769 postquam
1970 3681 2291 3746 veniente
2331 3681 2598 3746 refluxu

871 3798 954 3863 In
991 3799 1303 3884 geminas
1341 3799 1672 3885 migravit
1714 3821 1844 3864 eas.
1888 3797 2246 3863 Subsectio
2285 3819 2583 3882 namque
3100 3828 3153 3864 κο

871 3913 984 3977 Ad
1014 3913 1300 3979 minimo
1340 3914 1567 3979 minus
1606 3923 1708 3979 est
1744 3914 2134 4002 progressio
2173 3912 2414 3978 adorta
2451 3912 2790 4000 profect0‚

739 4026 824 4088 25
869 4030 1012 4095 Nec
1050 4037 1282 4096 tamen
1321 4031 1408 4097 ad
1445 4040 1775 4119 punctum
1820 4032 2125 4097 decurrit
2163 4031 2389 4096 fluxus
2429 4030 2739 4096 eundem.

872 4146 1069 4223 Quod
1101 4146 1276 4212 bene
1315 4170 1792 4235 comprensum
1833 4156 1971 4231 est,
2014 4147 2290 4234 quando
2328 4148 2501 4212 bene
2541 4154 2769 4212 mente
2808 4153 3085 4213 tenetur
3172 4161 3473 4237 p‚184

875 4261 1228 4347 Quidquid
1265 4263 1612 4352 principio
1651 4265 2091 4348 claravimuS,
2132 4271 2209 4329 ut
2248 4264 2551 4329 similare

876 4377 984 4441 Sit
1021 4379 1153 4443 toti
1193 4379 1586 4462 minimum,
1625 4403 2053 4465 vacuumque
2094 4380 2167 4444 in
2205 4380 2505 4466 partibu'
2546 4380 2813 4445 cunctis
3102 4409 3153 4447 25

876 4493 1235 4582 Concipiet
1273 4519 1545 4562 mensor
1582 4496 1891 4561 minimis
1930 4495 2302 4561 consistere
2340 4497 2595 4583 planiS,
