3738 5268
1240 501 1873 550 CONTEMPLATIONES
1913 501 2001 547 nx
2049 500 2314 546 1111111110.
2805 485 2918 543 199

630 660 815 725 Actu
862 660 1272 747 conspicuus
1310 666 1600 725 naturae
1638 658 1895 724 artisve
1933 658 2232 746 potenti,
2862 683 2915 723 ⁰0

626 776 919 855 Quando
958 776 1285 841 continue
1318 775 1662 841 obiectum
1703 774 1860 839 fluit
1898 781 2105 859 atque
2143 780 2476 860 potestas,

625 892 771 958 Nec
806 892 1017 978 parili
1052 915 1281 957 secum
1315 898 1522 977 atque
1560 890 1714 955 aliis
1754 890 1907 975 quit
1947 889 2180 955 cedere
2212 911 2438 976 passu.

629 1006 744 1073 Sic
782 1008 902 1073 lux
940 1022 1148 1092 atque
1187 1007 1371 1074 calor
1409 1006 1631 1071 medio
1667 1005 2096 1070 eiaculantur
2134 1006 2220 1071 ab
2260 1005 2444 1090 igne,

540 1123 581 1186 ὅ
630 1123 745 1188 Sic
781 1123 1093 1189 redolens
1125 1123 1386 1189 redolet
1423 1123 1730 1188 minimis
1766 1123 2026 1188 circum
2058 1121 2365 1207 undique
2404 1121 2602 1187 iactis

631 1238 980 1305 Continuo
1013 1238 1292 1322 effluxu,
1333 1261 1507 1324 quae
1544 1263 1584 1304 a
1617 1239 1820 1303 rebus
1857 1238 2001 1303 lata
2038 1262 2161 1325 per
2200 1238 2434 1303 orbem
2864 1264 2921 1304 ⁹5

628 1356 1017 1441 Evolitant,
1058 1356 1300 1421 iisdem
1341 1363 1639 1441 suntque
1679 1355 2106 1421 influitantia
2136 1355 2223 1420 ab
2258 1355 2440 1419 orbe.

632 1470 768 1537 Sed
806 1493 946 1536 11011
986 1471 1311 1538 continue
1350 1471 1724 1537 succedunt
1762 1471 2078 1558 partibus
2118 1470 2381 1555 aequiS,

628 1586 889 1672 Aequis
921 1587 1377 1673 temporibuS,
1417 1587 1695 1674 spaciiS,
1731 1587 1995 1653 virtute
2032 1587 2342 1672 locoque3

501 1702 584 1765 10
631 1702 961 1779 Quamvis
1000 1702 1340 1789 sphaerali
1378 1702 1900 1788 fundanturque
1938 1703 2242 1789 undique
2275 1727 2544 1790 semper

632 1816 980 1904 Appulsu,
1024 1818 1122 1883 sic
1152 1819 1576 1905 decrescant,
1614 1820 1711 1886 sic
1750 1820 2226 1905 deficiantque.
2840 1849 2916 1886 100

635 1932 1073 2021 Quapropter
1106 1958 1343 2000 verum
1382 1936 1734 2001 infinitum
1768 1936 2025 2001 dixeris
2058 1958 2272 2000 unum

627 2048 796 2113 Esse
832 2050 1116 2135 globum
1150 2058 1218 2116 et
1258 2050 1546 2138 cyclum,
1583 2052 1949 2117 minimum
1982 2052 2165 2137 quod
2199 2051 2741 2138 simpliciterque
2781 2057 2912 2135 est,

628 2164 723 2229 Et
761 2187 1093 2252 magnum
1126 2190 1330 2255 super
1370 2191 1593 2252 omne,
1637 2168 1888 2253 quibus
1927 2168 2105 2233 nihil
2141 2168 2378 2233 haeret
2419 2167 2672 2252 inique.

500 2386 581 2449 15
788 2384 1108 2445 Naturalia
1142 2386 1343 2446 omnia
1380 2386 1550 2465 (licet
1583 2386 1880 2463 quaedam
1918 2387 2132 2446 horum
2167 2386 2391 2463 magiS,
2430 2387 2727 2462 quaedam
2763 2408 2911 2449 vero
2955 2409 3037 2471 p.
3071 2395 3209 2457 65

630 2503 857 2580 minuS‚
894 2503 1132 2564 tardius
1166 2503 1496 2580 quaedam,
1544 2503 1840 2580 quaedam
1904 2523 2051 2565 vero
2108 2502 2410 2576 velocius,
2464 2505 2616 2564 haec
2671 2504 2912 2581 quidem
3093 2483 3098 2487 ’

631 2619 1007 2700 expressius,
1045 2620 1150 2681 illa
1183 2620 1630 2703 insensibilius)
1662 2622 1948 2683 continue
1992 2623 2353 2699 alterantur,
2393 2622 2735 2703 trepidant,
2788 2645 2913 2685 mo·

631 2745 871 2814 ventur,
938 2740 1325 2817 exagitantur
1342 2761 1357 2816 ;
1417 2740 1699 2815 quocirca
1762 2739 1910 2800 licet
1960 2761 2078 2801 una
2128 2741 2324 2801 forma
2382 2742 2459 2800 ad
2513 2761 2755 2802 sensum
2811 2743 2916 2803 ali-

632 2854 896 2930 quandiu
931 2856 1051 2917 fixa
1095 2858 1424 2918 secundum
1477 2878 1658 2918 unam
1714 2858 2107 2918 consistendo
2164 2879 2439 2918 normam
2495 2859 2802 2939 videatur,
2848 2861 2913 2920 id

497 2974 587 3037 20
630 2982 834 3036 tamen
869 2995 942 3036 ex
975 2976 1066 3036 rei
1107 2984 1325 3036 natura
1367 2977 1728 3055 simpliciter
1770 2977 2151 3056 impossibile
2212 2977 2549 3040 iudicamus
2585 2988 2653 3040 ut
2701 2999 2915 3043 conve—

627 3093 781 3169 niat3
804 3091 964 3170 quod
987 3112 1108 3153 non
1141 3092 1294 3153 adeo
1332 3093 1554 3170 vulgus
1589 3094 1760 3172 latet,
1790 3114 1867 3154 ne
1898 3095 2094 3173 ipsum
2127 3115 2366 3172 quoque
2402 3097 2667 3157 fateatur
2701 3119 2911 3160 verum

631 3211 919 3272 circulum
941 3213 1000 3270 in
1025 3211 1280 3272 materia
1297 3212 1580 3272 sensibus
1603 3214 1885 3292 exposita
1904 3232 2023 3273 non
2049 3213 2388 3292 comperiri.
2414 3213 2708 3276 Sublimia
2728 3236 2911 3294 porro

631 3328 1169 3409 peripateticorum
1193 3329 1572 3405 ingeniorum
1603 3331 1862 3404 numina,
1885 3331 2043 3392 sicut
2067 3332 2141 3392 de
2163 3333 2372 3410 nihilo,
2397 3333 2459 3392 id
2483 3341 2579 3393 est
2601 3334 2676 3394 de
2699 3335 2912 3410 quinta

629 3447 921 3521 essentia,
959 3448 1282 3527 sphaeras,
1321 3450 1500 3508 orbes
1534 3450 1892 3524 caelumque
1936 3468 2069 3509 cum
2114 3450 2244 3510 suis
2286 3452 2625 3511 motoribus
2676 3451 2916 3512 univer-

496 3564 582 3628 25
629 3584 762 3625 sum
799 3583 1113 3641 creavere,
1153 3562 1445 3624 facillime
1489 3565 1673 3624 etiam
1701 3564 1853 3624 illud
1889 3565 2318 3644 philosophiae
2360 3586 2553 3643 genus
2588 3586 2912 3628 concreare

631 3690 987 3760 potuerunt,
1020 3681 1180 3758 quod
1216 3702 1290 3742 ex
1334 3683 1534 3742 causis
1568 3683 1982 3742 immobilibus
2019 3691 2200 3759 atque
2233 3683 2697 3744 invariabilibus
2753 3685 2913 3744 circa

635 3799 1003 3879 (invariabili
1047 3809 1153 3860 aut
1192 3798 1358 3859 nulla
1401 3799 1744 3859 consistens
1785 3799 2070 3879 materia)
2116 3801 2347 3861 caelum
2394 3809 2682 3862 causatos
2738 3803 2915 3863 intel-

629 3918 853 3995 ligeret
886 3917 1048 3992 illos,
1089 3937 1242 3993 quos
1279 3916 1700 3976 exactissimos
1743 3927 2060 3994 geometra
2094 3917 2293 3996 possit
2326 3917 2617 3995 effingere
2652 3919 2913 3981 circulos

631 4046 815 4113 atque
858 4036 1094 4113 globos.
1138 4038 1225 4094 At
1278 4055 1390 4094 nos
1448 4035 1573 4114 (qui
1632 4055 1751 4096 non
1808 4036 1869 4095 in
1920 4037 2052 4096 solo
2110 4036 2316 4096 audito
2377 4038 2568 4097 verbo
2624 4039 2913 4116 explendi

496 4151 587 4216 30
637 4153 819 4212 animi
842 4142 1077 4212 ‘famem
1113 4152 1539 4213 consuevimus
1574 4152 1893 4231 pabulare,
1933 4153 2042 4214 sed
2087 4160 2150 4212 et
2191 4153 2352 4213 ultro
2384 4174 2673 4215 sensuum
2710 4156 2915 4216 melio-

633 4293 766 4331 rum
818 4279 998 4348 atque
1033 4273 1363 4332 firmiorum
1417 4273 1716 4332 rationum
1772 4293 1993 4350 panem
2034 4273 2446 4352 exposcimus)
2481 4273 2775 4335 habemus
2808 4276 2910 4334 ubi

811 4532 844 4582 3
877 4532 1108 4584 caedere
