3738 5268
845 462 959 520 186
1457 472 1734 518 lommn
1781 471 1986 516 nnvm
2030 472 2121 516 m:
2160 472 2433 533 ummo,
2476 472 2518 515 1.

839 628 1056 689 clideis
1088 635 1530 707 apponeretur,
1569 627 1681 687 sed
1715 635 1953 687 tantum
1989 639 2054 687 ut
2087 626 2405 687 intellecta
2437 626 2659 687 melius
2700 636 2913 687 essent
2950 635 3135 702 atque

841 754 1193 824 perspecta;
1226 753 1290 804 et
1320 744 1424 803 ille
1456 764 1582 803 non
1613 752 1712 805 est
1745 743 1976 804 oblitus
2005 763 2245 804 omnem
2272 743 2362 804 rei
2404 743 2634 803 habere
2666 743 2997 820 rationem,
3028 744 3132 820 qui

840 860 1136 939 quosdam
1169 861 1460 939 trianguli
1492 880 1758 921 canones
1791 869 1935 923 ante
1971 861 2206 938 circuli,
2243 861 2541 938 quosdam
2570 870 2715 940 post
2748 861 2961 921 circuli
2996 880 3133 940 pro·

843 978 1183 1058 positiones
1210 978 1468 1056 aperuit.
1504 978 1721 1057 Neque
1753 980 2005 1040 maioris
2038 979 2362 1057 scientiae,
2397 979 2511 1040 sed
2539 979 2786 1039 maioris
2817 980 3128 1059 penuriae,

755 1089 798 1151 ὃ
843 1095 1226 1174 stupiditatis
1258 1106 1323 1157 et
1354 1097 1740 1175 ignorantiae
1769 1099 2013 1175 signum
2039 1101 2102 1159 in
2134 1100 2626 1179 propositionum
2658 1108 2725 1161 et
2756 1101 3129 1161 axiomatum

843 1212 1349 1293 multiplicatione
1390 1213 1602 1274 licebit
1640 1217 1947 1293 accipere;
1991 1215 2480 1292 quandoquidem
2536 1227 2602 1277 et
2635 1216 2863 1278 artifex
2902 1227 3130 1294 quanto

843 1330 1179 1409 perfectior
1212 1339 1310 1391 est
1341 1340 1513 1391 tanto
1549 1332 1939 1410 paucioribus
1973 1334 2195 1394 mediis
2229 1342 2294 1395 et
2333 1333 2755 1394 instrumentis
2820 1344 3130 1413 operatur.

843 1451 929 1511 Et
969 1451 1102 1514 eius
1137 1452 1228 1512 rei
1264 1452 1609 1531 exemplum
1641 1453 1705 1512 in
1745 1454 1862 1513 hoc
1904 1454 2223 1532 proposito
2251 1452 2615 1531 afferemus,
2670 1454 2773 1531 qui
2806 1454 2992 1533 longe
3024 1456 3131 1514 mi-

844 1568 979 1628 nori
1013 1568 1463 1628 theorematum
1503 1589 1754 1629 numero
1788 1569 1924 1629 solo
1959 1590 2035 1630 ex
2075 1570 2301 1630 circulo
2345 1577 2532 1647 atque
2566 1571 2761 1647 radic,
2802 1592 2959 1648 quae
3005 1572 3129 1650 ipsi

714 1687 799 1750 10
843 1686 1076 1748 frustra
1109 1697 1528 1760 tentaverunt,
1568 1708 1682 1749 nos
1724 1689 1888 1749 omni
1930 1688 2230 1749 facilitate
2260 1689 2603 1766 conquisita
2637 1690 3130 1750 commonstrabi·

843 1824 996 1865 mus.
1040 1804 1218 1865 Licet
1264 1814 1328 1865 et
1386 1805 1619 1883 regiam
1673 1825 1913 1883 quoque
1967 1825 2140 1866 suam
2180 1805 2473 1867 Euclides
2527 1827 2662 1867 eam
2717 1808 3131 1886 appellaverit

843 1920 1225 1999 methodum;
1262 1942 1440 2000 quam
1467 1942 1592 1982 non
1625 1942 1760 1983 cum
1794 1923 1915 1983 sibi
1949 1923 2190 1983 occulta
2230 1924 2514 2000 meliore,
2559 1945 2739 2000 quam
2773 1934 2942 1983 certe
2995 1945 3132 2002 cap-

842 2044 1064 2115 tasset,
1098 2038 1209 2099 sed
1245 2058 1382 2099 cum
1416 2040 1733 2117 expressis
1765 2040 2175 2101 deterioribus
2197 2040 2475 2101 conferre
2498 2040 2724 2119 potuit,
2761 2061 2912 2116 quas
2946 2042 3130 2101 etiam

846 2153 1171 2215 solertiore
1204 2155 1409 2216 studio
1443 2158 1827 2237 contempsit.

861 2311 952 2319 --ο
985 2314 1002 2317 -
1035 2314 1078 2319 .—
1127 2315 1198 2319 w*⁴
1281 2317 1358 2320 ο.

1679 2318 2381 2325 ⁴—·————..—-——-—

1039 2400 1072 2448 8
1088 2399 1248 2461 sorae
1274 2400 1411 2465 quia
