3738 5268
1204 548 1833 596 conTnMPLA‘rmnns
1873 547 1963 592 Ex
2005 547 2269 591 munuc.
2755 530 2874 588 219

593 703 755 764 Vide
783 704 972 781 igitur
999 723 1077 763 an
1111 722 1488 781 quacumque
1518 702 1782 782 partium
1805 701 1953 761 data
1979 701 2219 761 ratione
2252 718 2689 777 quamcumque
2724 700 2879 760 eius-

598 820 736 881 dem
778 820 1023 898 generis
1065 819 1276 881 valeas
1320 839 1544 896 augere
1581 818 1855 896 figuram.
1908 816 2068 877 Vide
2114 817 2300 877 etiam
2343 836 2421 876 an
2462 823 2875 895 pentagonum

598 935 718 996 alia
739 935 943 1015 possis
966 936 1190 998 circulo
1217 935 1455 995 ratione
1482 935 1821 995 inscribere
1856 934 1958 1018 yel
1982 933 2481 993 circumscribere
2501 933 2873 1008 cuicumque,

597 1059 1023 1131 praeterquam
1067 1073 1103 1112 a
1143 1051 1317 1112 radio
1376 1059 1541 1112 certa
1594 1048 1832 1111 ratione
1876 1057 2189 1110 crescente
2228 1048 2645 1108 subtractione
2682 1068 2717 1106 a
2749 1066 2881 1107 sex-

505 1160 547 1224 5
594 1176 763 1230 tante
820 1168 999 1248 facta,
1035 1170 1196 1229 unde
1233 1169 1455 1230 divisio
1485 1168 1695 1228 circuli
1730 1187 1850 1228 non
1885 1166 1964 1226 ad
1998 1167 2332 1243 rationem,
2374 1165 2484 1226 sed
2518 1164 2595 1224 ad
2630 1182 2877 1224 sensum

593 1283 760 1347 facta
813 1285 1087 1347 exactior
1127 1285 1476 1365 apparebit,
1523 1284 1601 1344 ad
1643 1304 1826 1362 quam
1871 1303 2020 1345 sane
2064 1283 2444 1343 exactionem
2492 1281 2693 1357 quarti
2735 1299 2883 1357 gno-

593 1403 789 1464 monis
839 1402 1213 1481 peripheria,
1252 1422 1472 1481 nempe
1506 1410 1767 1479 quatuor
1804 1409 1868 1461 et
1910 1400 2132 1479 viginti
2159 1398 2427 1478 partium
2463 1396 2740 1476 adducit,
2776 1396 2879 1456 ubi

592 1526 790 1579 totum
831 1539 952 1578 una
996 1526 1058 1578 et
1101 1518 1423 1596 sexaginta
1465 1518 1838 1578 similaribus
1881 1517 2161 1595 partibus
2208 1514 2521 1591 consistit,
2561 1513 2884 1589 sexaginta

593 1635 922 1714 triangulis
982 1634 1337 1695 curvilineis
1387 1633 1664 1695 recurvis
1718 1633 2039 1711 sigillatim
2091 1631 2371 1691 omnibus
2426 1630 2579 1690 citra
2639 1627 2883 1689 unicam

469 1746 552 1809 10
597 1758 834 1831 partem
870 1751 1133 1812 mediam
1162 1750 1618 1830 recipientibus

755 1880 789 1925 πῖ
836 1870 927 1928 16.
971 1868 1072 1927 Ad
1123 1888 1499 1928 communem
1537 1875 1600 1927 et
1641 1867 1903 1927 similem
1946 1865 2165 1925 similis
2210 1863 2647 1942 magnitudinis
2696 1871 2881 1938 atque

595 1983 827 2060 figurae
872 1991 1112 2063 partem
1150 1981 1386 2044 referre
1433 1989 1680 2062 oportet
1722 2003 1794 2043 ea
1836 2001 1992 2060 quae
2035 1981 2315 2055 aequalia
2347 1980 2674 2041 iudicanda
2709 1987 2877 2056 sunt,

594 2099 727 2161 sive
763 2101 1095 2161 secundum
1128 2106 1382 2160 naturae
1425 2100 1559 2161 sive
1593 2098 1927 2161 secundum
1967 2098 2221 2158 rationis
2266 2096 2540 2157 ordinem
2582 2106 2767 2174 atque
2802 2097 2911 2155 le·‘

594 2236 734 2293 gem
771 2217 1011 2296 operari
1044 2216 1456 2278 instituamus

468 2337 549 2401 15
757 2337 790 2384 'H
834 2336 928 2393 22.
971 2331 1441 2393 Inartificiosam
1477 2331 2075 2411 ageometricamque
2110 2329 2726 2407 transfigurationem,
2758 2348 2880 2405 qua

599 2471 673 2511 ex
709 2449 921 2511 eadem
957 2470 1098 2510 cera
1135 2458 1197 2510 et
1231 2450 1478 2529 plumbo
1515 2450 1585 2509 fit
1629 2451 1845 2525 cubuS,
1884 2448 2175 2528 pyramis,
2212 2447 2433 2523 globus
2477 2455 2540 2507 et
2593 2445 2881 2521 quidcun-

597 2587 715 2645 que
751 2567 917 2627 aliud
953 2567 1423 2645 aequilaterum,
1461 2586 1580 2625 non
1616 2565 2004 2644 impedimus,
2048 2564 2147 2624 Ita
2190 2564 2414 2643 quippe
2458 2563 2766 2624 variorum
2803 2560 2886 2621 lo-

597 2704 806 2744 corum
842 2684 1354 2760 terminorumque
1401 2682 1639 2743 ratione
1692 2682 1949 2742 materia
2002 2680 2173 2742 varie
2216 2679 2478 2740 rarescit
2529 2689 2713 2756 atque
2749 2699 2885 2740 con-

597 2801 850 2877 crescit,
882 2800 1298 2877 comprimitur
1328 2806 1391 2859 et
1428 2798 1806 2874 extenditur;
1839 2797 2350 2874 quemadmodum
2381 2816 2671 2857 excessus
2701 2803 2882 2872 atque

463 2913 551 2977 20
597 2917 875 2977 defectus
910 2916 1297 2978 differentiae
1331 2917 1394 2976 in
1429 2917 1686 2977 materia
1720 2915 2001 2976 sensibili
2046 2922 2189 2975 sunt
2232 2916 2527 2976 occultae.
2566 2914 2886 2993 Compres-

594 3034 765 3095 sione
795 3034 1021 3113 quippe
1055 3034 1463 3112 corporalium
1499 3033 1945 3094 dimensionum
1978 3009 2371 3113 pyramidem
2413 3053 2488 3094 ex
2521 3032 2704 3110 globo
2742 3029 2885 3092 faci-

594 3172 730 3212 mus
762 3158 946 3229 atque
981 3154 1220 3228 cubum,
1265 3152 1367 3212 ubi
1402 3151 1548 3212 licet
1587 3150 1742 3211 nihil
1776 3151 1854 3210 de
1899 3151 2179 3229 partibus
2221 3151 2439 3210 solidis
2473 3148 2748 3209 additum
2782 3149 2885 3208 ha-

593 3269 811 3328 beatur
833 3267 932 3328 vel
954 3269 1364 3346 subtractum,
1393 3269 1715 3329 alteratam
1736 3274 1943 3327 tamen
1977 3266 2342 3327 inanitatum
2376 3274 2558 3341 atque
2593 3285 2881 3344 pororum

593 3382 1074 3463 magnitudinem
1129 3403 1267 3445 esse
1305 3391 1573 3464 oportet,
1610 3383 1850 3461 quando
1897 3391 2026 3443 tum
2066 3382 2170 3460 qui
2225 3402 2299 3442 ex
2336 3381 2633 3457 quadrato
2670 3380 2884 3458 sphae-

461 3501 548 3566 25
594 3520 747 3576 ram,
787 3508 916 3562 tum
951 3501 1052 3576 qui
1089 3520 1163 3562 ex
1206 3500 1473 3580 sphaera
1516 3501 1878 3575 quadratum
1926 3500 2200 3576 molitur,
2251 3497 2572 3558 materiam
2626 3495 2882 3558 eandem

594 3619 778 3679 aliter
812 3624 996 3696 atque
1031 3619 1212 3678 aliter
1239 3618 1585 3697 comprimit
1618 3627 1678 3677 et
1716 3616 2002 3678 infundit.
2044 3614 2498 3677 Inconsiderati
2532 3634 2679 3692 ergo
2729 3634 2883 3674 cras-

597 3735 858 3798 siorisve
893 3735 1122 3813 ingenii
1158 3743 1254 3796 est
1288 3755 1363 3795 ex
1383 3735 1804 3796 huiuscemodi
1824 3736 2033 3814 praxis
2066 3733 2454 3795 successibus
2490 3731 2883 3809 aequalitatis

595 3855 700 3942 vel
731 3853 889 3914 alius
924 3852 1230 3912 ratiocinii
1274 3851 1595 3913 desumere
1632 3860 2010 3928 argumenta.

756 3979 790 4026 11
833 3973 930 4031 45.
975 3968 1098 4031 Sed
1132 3969 1450 4045 urgentius
1472 3968 1767 4028 motivum
1790 3976 1887 4029 est
1921 3987 1996 4028 ex
2024 3987 2096 4028 eo
2128 3967 2289 4042 quod
2325 3965 2605 4027 videmus
2637 3964 2883 4043 generis

465 4084 553 4151 30
597 4087 776 4148 huius
809 4086 1078 4148 artifices
1109 4105 1346 4147 omnem
1379 4085 1752 4163 triangulum
1785 4086 1847 4146 in
1882 4095 2282 4162 rectagonum
2316 4093 2582 4163 mutare,
2629 4105 2703 4145 ex
2746 4085 2880 4163 ipso

598 4203 1236 4283 parallelogrammum
1291 4202 1669 4263 constituere
1710 4203 1802 4263 illi
1843 4203 2192 4281 aequalem,
2224 4204 2388 4280 quod
2423 4223 2535 4282 pro
2580 4201 2756 4260 libito
2798 4200 2884 4258 in-

598 4321 694 4380 fra
728 4320 977 4382 easdem
1013 4320 1343 4400 parallelas
1380 4320 1459 4379 ad
1501 4320 1828 4381 cuiuslibet
1868 4320 2076 4398 anguli
2116 4339 2391 4380 normam
2445 4318 2788 4398 producant
2821 4322 2884 4376 et

788 4571 851 4621 16
883 4585 1048 4620 caera
