3738 5268
1095 751 1578 835 LIBRORVM
1634 751 2048 836 ISTORVM
2103 752 2460 836 CAPITA.

1632 974 1948 983 .-——-—

1264 1609 1317 1664 1.
1362 1607 1467 1666 De
1506 1607 1795 1665 minimi
1841 1607 2317 1666 exsistentia.

645 1786 784 1839 CAP.
861 1786 909 1839 1.
945 1781 1267 1839 Praeludia
1304 1781 1463 1836 circa
1491 1780 1908 1852 intentionem,
1941 1781 2268 1836 efficientes
2305 1800 2538 1852 causas,
2575 1782 2771 1838 media

1066 1884 1128 1935 et
1155 1877 1395 1934 modum
1425 1877 1784 1951 procedendi
1808 1920 2605 1935 .......................
2623 1880 2772 1951 Pag.

555 1978 598 2041 ὅ
716 2003 739 2028 »
856 1981 908 2034 2.
948 1977 1256 2033 Minimum
1296 1993 1429 2031 esse
1475 1981 1604 2031 tum
1649 1994 2051 2042 numerorum,
2092 1983 2220 2031 tum
2267 1975 2767 2048 magnitudinum,

1069 2078 1196 2129 tum
1233 2074 1493 2128 omnium
1530 2073 1744 2129 utlibet
1774 2074 2269 2129 elementatorum
2301 2074 2772 2130 substantiam..

857 2175 908 2229 3.
945 2174 1201 2229 Mortem
1229 2171 1415 2243 igitur
1443 2170 1521 2225 ad
1552 2170 1813 2243 corporis
1846 2171 2247 2226 substantiam
2285 2189 2404 2226 non
2441 2171 2770 2245 pertinere,

1073 2269 1375 2340 multoque
1403 2269 1598 2323 minus
1629 2268 1704 2323 ad
1741 2267 2002 2350 animam
2009 2312 2775 2325 ......................

860 2371 910 2424 4.
951 2368 1164 2424 Omnia
1193 2365 1623 2439 quodammodo
1655 2364 1904 2420 circuire
1934 2370 1996 2420 et
2024 2365 2305 2420 circulum
2335 2366 2559 2421 imitari
2585 2410 2774 2423 ......

518 2467 604 2532 10
721 2493 745 2520 2
859 2470 910 2523 5.
947 2467 1263 2541 Repetitur
1292 2464 1553 2521 conditio
1584 2463 1759 2519 huius
1796 2464 2317 2535 contemplationis
2347 2465 2423 2520 ad
2455 2465 2778 2538 praxim...

722 2591 747 2619 ι
859 2567 911 2622 6.
948 2566 1043 2621 Ad
1074 2582 1177 2621 eos
1199 2563 1299 2637 qui
1328 2562 1675 2619 continuum
1699 2562 1761 2617 in
1779 2562 2074 2617 infinitum
2095 2561 2394 2618 divisibile
2423 2563 2743 2636 accipiunt.
2767 2608 2778 2619 .

863 2667 913 2721 7.
950 2663 1388 2736 Perstringitur
1415 2662 1575 2718 idem
1613 2662 1984 2734 propositum
2011 2661 2279 2731 pluribus
2317 2663 2705 2733 argumentis,
2731 2706 2774 2717 ..

861 2766 913 2819 8.
952 2763 1212 2820 Dubium
1242 2780 1357 2835 quo
1386 2760 1774 2834 Peripatetici
1811 2767 2021 2815 contra
2059 2778 2122 2816 se
2160 2760 2326 2832 ipsos
2364 2760 2663 2831 dubitant,
2696 2760 2781 2815 in-

1075 2862 1335 2917 solutum
1360 2864 1562 2914 tamen
1593 2857 1666 2913 ab
1696 2856 1920 2913 eisdem
1944 2900 2492 2914 ................
2515 2902 2522 2909 .
2550 2901 2776 2915 .......

520 2954 604 3018 15
721 2982 746 3010 ›
862 2959 913 3015 9.
952 2958 1290 3015 Discrimen
1315 2955 1546 3011 minimi
1577 2955 1653 3009 ad
1683 2972 1926 3009 sensum
1956 2972 1992 3009 a
2020 2954 2263 3010 minimo
2293 2954 2643 3027 simpliciter
2672 2975 2777 3012 seu

1071 3063 1322 3111 naturae
1330 3093 2776 3111 .........................................

723 3180 746 3205 ι
829 3155 913 3209 10.
954 3153 1360 3225 Distinguitur
1387 3151 1693 3207 minimum
1730 3152 1791 3207 in
1820 3169 2039 3223 genere
2072 3171 2108 3207 a
2137 3151 2379 3209 minimo
2411 3154 2777 3212 absolute...

721 3275 745 3302 ι
830 3253 914 3306 11.
953 3252 1025 3306 In
1057 3251 1216 3306 omni
1245 3267 1466 3322 genere
1499 3252 1795 3322 graduato
1825 3249 2134 3305 minimum
2171 3268 2303 3307 esse
2342 3257 2579 3323 oportet
2584 3296 2776 3309 ......

727 3374 750 3399 »
837 3353 919 3405 12.
958 3349 1190 3405 Minimi
1248 3348 1309 3404 in
1359 3349 1537 3421 plano
1587 3348 1829 3421 propria
1886 3346 2080 3420 figura
2132 3348 2413 3420 circuluS,
2471 3350 2531 3405 in
2587 3351 2779 3407 solido

518 3447 608 3512 20
1082 3447 1339 3519 sphaera
1374 3488 2140 3503 ......................
2164 3492 2170 3499 .
2199 3490 2745 3505 ................
2766 3454 2781 3505 ’.

726 3571 750 3598 2
833 3547 915 3601 13.
955 3544 1265 3600 Minimum
1286 3551 1346 3599 et
1368 3545 1654 3600 terminus
1686 3563 1801 3600 non
1821 3552 1962 3599 sunt
1981 3545 2042 3599 in
2071 3544 2277 3600 eodem
2300 3563 2520 3617 genere
2542 3554 2764 3617 quanta

730 3668 754 3695 ι
839 3644 923 3698 14.
960 3642 1276 3698 Minimum
1306 3642 1367 3697 in
1397 3642 1635 3713 magnis
1666 3647 1729 3698 et
1754 3641 2035 3697 maximis
2067 3660 2198 3698 esse
2229 3643 2604 3715 perspicuum
2627 3688 2778 3701 .....

1156 3840 1241 3897 11.
1284 3840 1958 3909 contemplationes
1999 3852 2093 3899 ex
2136 3842 2452 3901 minimo.

655 3997 795 4054 CAP.
872 4001 921 4053 1.
960 3998 1049 4053 Ex
1099 3998 1231 4053 luce
1289 3997 1460 4053 unius
1517 3996 1794 4052 veritatis
1852 3996 2198 4069 multiplicis
2257 3997 2534 4053 veritatis
2584 4001 2781 4055 lumen

524 4097 612 4160 25
1087 4094 1386 4166 exsurgit,
1426 4095 1580 4150 sicut
1617 4095 1692 4149 ab
1730 4112 1846 4149 uno
1886 4094 2147 4150 absurdo
2186 4104 2623 4168 consequuntur
2654 4097 2780 4169 plu-

1082 4210 1234 4247 rima
1268 4234 2784 4253 ...........................................

728 4312 753 4340 ›
869 4290 922 4343 2.
963 4288 1259 4344 Cir-culum
1288 4306 1495 4345 verum
1522 4307 1639 4345 non
1678 4307 1813 4345 esse
1843 4290 2188 4348 sensibilem
2194 4336 2781 4351 .................

844 4486 907 4537 18
939 4490 1226 4551 opottere,
1255 4502 1343 4536 ma
1366 4487 1437 4551 cs.
1462 4504 1522 4551 p.
1551 4488 1625 4536 42
1654 4487 1754 4552 (ed.
1782 4493 1904 4552 pr.)

2902 1884 2930 1936 l

2899 2077 2936 2130 8

2868 2273 2932 2326 11

2867 2368 2936 2422 13

2870 2467 2937 2520 19

2869 2564 2942 2618 20

2866 2664 2939 2717 24

2865 2861 2933 2916 31

2868 3056 2938 3111 37

2866 3156 2938 3211 39

2867 3256 2940 3309 42

2870 3451 2941 3504 44

2871 3548 2943 3601 48

2872 3648 2942 3699 49

2872 4199 2942 4254 54

2872 4299 2942 4351 56

2811 4428 2940 4437 —

2966 757 3164 819 a31·
