3738 5268
1110 522 1417 567 An'rmvm
1461 523 1801 567 ADVERSVS
1841 524 2379 569 Mmulnmxrncos
2841 515 2876 568 ἴ)

586 719 801 782 aeque
838 696 1010 762 mihi
1049 697 1261 763 dubia
1298 697 1475 781 sint,
1530 704 1610 763 ut
1648 720 1822 784 quae
1868 697 2276 763 difficillima
2314 706 2383 763 et
2421 697 2716 763 absurda
2762 721 2884 785 pu-

582 830 851 906 tantur,
900 845 980 888 ea
1034 845 1207 908 quae
1254 823 1635 890 certissima
1685 822 2030 889 habentur
2077 831 2286 909 atque
2339 823 2878 909 evidentissima,

583 948 805 1015 sicubi
872 956 942 1013 et
1010 948 1287 1035 quando
1334 948 1410 1014 in
1477 949 2017 1016 controversiam
2083 948 2348 1015 fuerint
2395 948 2709 1015 adducta.
2767 949 2879 1015 Ibi

582 1098 880 1161 namque
914 1075 1533 1164 praeiudiciolsum
1568 1083 1671 1142 est
1703 1076 1787 1142 de
1818 1100 1891 1143 re
1924 1078 2152 1143 minus
2183 1100 2520 1165 perpensa
2552 1077 2868 1164 definire,

496 1199 539 1263 ὃ
586 1202 902 1288 iniquum
942 1224 1067 1290 pro
1106 1201 1332 1268 alieno
1372 1202 1699 1289 obsequio
1740 1202 2027 1288 sentire,
2062 1204 2589 1288 mercenarium,
2631 1206 2876 1272 servile

582 1335 652 1393 et
720 1334 961 1394 contra
1034 1327 1376 1394 humanae
1441 1327 1787 1393 libertatis
1863 1328 2283 1415 dignitatem
2363 1330 2593 1395 addici
2669 1337 2876 1417 atque

581 1453 929 1538 submitti,
970 1453 1523 1541 stupidissimum
1557 1475 1685 1541 pro
1725 1454 2222 1520 consuetudine
2262 1454 2561 1539 credere,
2611 1454 2881 1521 irratio-

581 1579 736 1644 nale
772 1600 898 1666 pro
937 1578 1378 1667 opinantium
1414 1578 1863 1645 multitudine
1903 1578 2343 1667 adstipulari,
2378 1580 2577 1665 quasi
2608 1579 2875 1667 sapien-

580 1712 730 1772 tum
776 1728 1103 1771 numerus
1150 1705 1507 1771 infinitum
1569 1705 1940 1771 stultorum
1988 1728 2352 1772 numerum
2399 1729 2720 1793 superare
2767 1707 2879 1772 vel

452 1832 538 1895 10
581 1855 959 1920 exaequare
1016 1834 1127 1901 vel
1164 1833 1252 1898 ad
1290 1832 1517 1920 ipsum
1563 1834 1848 1919 propius
1898 1835 2216 1899 accedere
2255 1834 2530 1919 debeat,
2571 1841 2641 1900 et
2680 1835 2878 1920 quasi

580 1959 817 2043 (etiam
864 1960 923 2024 si
982 1964 1171 2024 totus
1232 1958 1529 2024 mundus
1577 1959 1694 2024 ille
1742 1959 1834 2024 sit
1883 1983 2121 2026 caecus
2171 1960 2298 2027 sub
2346 1961 2720 2027 Aristotele
2767 1963 2879 2027 vel

579 2086 716 2151 alio
755 2084 981 2151 eiusce
1016 2084 1290 2172 generis
1329 2084 1522 2170 duce)
1561 2092 1759 2151 tanta
1798 2086 2171 2153 multitudo
2212 2087 2286 2153 in
2323 2088 2629 2153 tenebris
2668 2088 2877 2174 cespi-

580 2218 740 2278 tans
799 2219 868 2279 et
929 2212 1325 2300 impingens
1364 2213 1521 2300 plus
1578 2235 1788 2298 quam
1825 2236 2033 2296 1111113,
2087 2214 2197 2279 vel
2246 2215 2491 2280 saltem
2540 2222 2879 2301 quantum

580 2360 785 2424 1111113,
834 2339 1063 2406 valeat
1109 2346 1180 2405 et
1232 2338 1493 2423 videat,
1537 2362 1741 2425 quem
1788 2340 1925 2405 sibi
1971 2341 2214 2407 ducem
2261 2340 2595 2427 praetulit
2651 2346 2721 2405 et
2771 2339 2881 2405 de·

454 2464 536 2529 15
583 2463 911 2549 signavit.
962 2464 1114 2551 Ego
1161 2465 1298 2548 (vel
1350 2465 1746 2551 quicunque
1800 2466 1977 2532 alius
2025 2489 2096 2531 se
2143 2466 2378 2553 ipsum
2425 2471 2672 2552 potens
2720 2470 2882 2531 actu

582 2587 818 2654 reflexi
867 2588 1152 2655 luminis
1200 2595 1597 2678 agnoscere)
1653 2614 1892 2658 sensus
1948 2591 2595 2680 intelligentiaeque
2661 2590 2878 2658 oculis

584 2738 625 2780 a
684 2716 833 2782 Deo
879 2715 1184 2782 maximo
1238 2717 1569 2806 largitore
1631 2719 1952 2804 donatus,
2025 2727 2096 2786 et
2155 2725 2654 2806 consequenter
2724 2740 2881 2784 con-

583 2842 871 2909 stitutus
917 2842 1124 2908 iudex
1172 2866 1550 2931 causaeque
1617 2845 2036 2934 praefectuS‚
2085 2846 2601 2933 ingratissimus
2662 2868 2880 2911 essem

584 2977 792 3058 atque
834 2994 1155 3057 vesanuS,
1206 2995 1422 3058 eaque
1467 2974 1751 3040 luminis
1805 2974 2344 3062 participatione
2394 2975 2756 3061 indignus,
2820 2975 2879 3040 si

453 3087 542 3150 20
585 3099 849 3164 alienus
910 3099 1296 3166 constituar
1356 3106 1549 3167 actor
1617 3106 1826 3186 atque
1881 3102 2108 3188 pugil,
2173 3102 2418 3169 alienis
2476 3126 2724 3191 nempe
2778 3104 2880 3170 vi-

588 3225 787 3310 denS,
845 3226 1151 3294 sentiens
1208 3226 1659 3312 indicansque
1716 3228 2118 3294 luminibus.
2175 3230 2315 3297 Ubi
2384 3253 2510 3316 ego
2576 3230 2723 3317 ipse
2775 3231 2878 3297 lu-

587 3351 795 3417 minis
842 3351 1159 3418 claritate
1203 3375 1553 3439 praesum,
1594 3375 1716 3419 cur
1754 3353 2228 3440 angustiorem
2271 3355 2537 3441 ingenii
2576 3356 2880 3422 indolem

588 3500 804 3563 usque
856 3477 1041 3570 adeo·
1072 3478 1362 3564 indigne
1418 3479 1783 3545 subiiciam
1838 3486 1909 3546 et
1963 3480 2330 3547 abiiciamP
2386 3482 2499 3547 An
2551 3505 2691 3548 non
2753 3483 2882 3548 ini-

591 3604 961 3688 quissimus
1007 3627 1222 3671 essem
1276 3606 1593 3691 partibus
1644 3606 1732 3672 ad
1777 3605 2005 3674 forum
2046 3607 2054 3685 Ι
2098 3614 2413 3674 nostrum
2467 3609 2881 3695 appellanti-

458 3731 543 3795 25
589 3729 760 3795 bus?
831 3729 1166 3796 Veritatis
1229 3729 1563 3816 dignitati
1632 3753 1900 3815 vocem,
1969 3732 2243 3798 vultum
2311 3731 2879 3819 hypostasimque

587 3878 782 3923 suam
826 3878 952 3945 pro
992 3864 1199 3944 captu
1237 3857 1519 3923 auribus
1552 3855 1902 3944 oculisque
1938 3857 2194 3924 nostris
2232 3858 2651 3924 inculcanti‘?
2686 3859 2881 3926 Divi-

586 4009 816 4074 noque
870 3986 1172 4071 muneri,
1241 4007 1376 4072 quo
1426 4006 1551 4051 nos
1598 4006 1740 4050 non
1787 3993 1867 4052 ut
1916 3986 2119 4070 caeci,
2181 3985 2298 4052 sed
2359 3986 2466 4052 uti
2521 4010 2878 4055 caecorum

589 4115 794 4180 duces
833 4113 1137 4181 ordinati
1176 4135 1438 4198 311111113,
1488 4112 1699 4198 inque
1754 4112 1885 4179 hoc
1930 4114 2271 4180 humanae
2331 4114 2533 4201 Reip.
2593 4137 2877 4201 corpore

587 4242 772 4308 inter
818 4264 931 4308 eos
978 4240 1536 4322 adnumeramur‚
1585 4238 1836 4325 quibus
1883 4262 2134 4306 munus
2194 4246 2404 4326 atque
2448 4241 2633 4308 vices
2686 4243 2876 4329 (quia

453 4363 541 4430 30
584 4368 685 4434 sic
721 4367 1003 4434 omnino
1041 4388 1338 4433 asserere
1376 4366 1713 4452 cogimur)
1753 4366 2107 4433 oculorum
2144 4372 2378 4432 tenere
2422 4367 2874 4454 praecipitur,

586 4501 656 4558 ct
714 4492 997 4578 negotia
1055 4492 1373 4557 veritatis
1442 4499 1650 4577 atque
1722 4491 1896 4557 lucis
1970 4513 2095 4577 pro
2163 4491 2429 4557 viribus
2493 4515 2695 4578 agere
2772 4501 2874 4558 cst

2920 1079 3119 1142 a3v
