3738 5268
507 1295 549 1361 5

1327 560 1417 603 m:
1462 560 1867 605 mvnn‘rmxn
1909 562 2151 606 nuum.
2765 547 2883 606 249

598 715 1027 803 Explicitata
1064 716 1270 802 dabo,
1311 723 1389 783 ut
1428 716 1707 804 sophiae
1744 717 2155 783 fundamina
2190 741 2393 784 verae

600 832 809 910 Queis
849 834 1034 900 Deus
1072 834 1305 899 illuxit
1341 835 1645 919 clueant,
1685 836 2109 921 veniantque
2149 836 2442 901 subinde

598 949 685 1015 In
721 952 922 1016 vultu
962 952 1222 1016 clarata
1259 974 1380 1017 suo
1419 951 1831 1037 dignissima
1868 974 2125 1035 rerum;

599 1068 807 1151 Nam,
844 1068 1038 1133 velut
1076 1074 1178 1133 est
1216 1067 1504 1153 dictum,
1548 1069 1623 1133 in
1660 1068 1949 1134 minimo
1990 1078 2151 1134 sunt
2183 1069 2484 1135 maxima
2517 1091 2851 1154 quaeque.

757 1297 1278 1369 Quemadmodum
1338 1299 1632 1360 sensibile
1698 1300 2009 1361 minimum
2082 1300 2215 1361 sine
2277 1322 2484 1362 errore
2551 1300 2886 1379 quamlibet

597 1413 921 1474 multarum
956 1415 1220 1492 partium
1255 1415 1345 1476 ita
1377 1417 1579 1493 possit
1619 1415 1908 1494 intelligi,
1948 1426 2016 1476 ut
2055 1425 2223 1477 certo
2261 1416 2634 1495 definitoque
2671 1417 2885 1477 ordine

600 1538 731 1589 tum
763 1529 839 1588 ad
875 1528 1232 1591 insensibile
1269 1551 1381 1608 per
1415 1531 1798 1592 insensibilia
1829 1532 2183 1610 profundet,
2224 1541 2354 1592 tum
2388 1533 2575 1592 etiam
2609 1551 2720 1610 per
2756 1551 2887 1592 sen-

601 1645 804 1705 sibilia
833 1645 911 1705 ad
939 1646 1202 1705 maxima
1228 1667 1504 1724 quaeque
1536 1647 1933 1727 conscendat,
1968 1646 2134 1707 facili
2182 1667 2257 1708 ex
2304 1648 2521 1708 horum
2574 1668 2729 1724 quae
2787 1669 2887 1709 su-

598 1781 711 1840 pra
758 1759 1072 1820 docuimus
1121 1761 1650 1822 animadversione
1706 1770 1769 1823 et
1822 1783 2028 1823 eorum
2074 1784 2227 1839 quae
2270 1784 2409 1823 mox
2460 1763 2885 1840 subiungenda

470 1876 556 1940 10
599 1883 778 1936 erunt
826 1878 1345 1955 contemplatione
1392 1889 1574 1955 atque
1629 1879 1804 1956 praxi
1846 1887 2136 1957 poterunt
2189 1900 2481 1959 expresse
2539 1901 2743 1941 coram
2791 1901 2884 1940 ra-

599 1992 785 2052 tionis
821 1992 1012 2052 oculis
1046 1992 1284 2053 adduci.
1323 1993 1474 2053 Inde
1511 1994 1696 2054 etiam
1752 1996 2058 2055 constabit
2109 1996 2619 2072 quemadmodum
2673 2004 2884 2075 partes

600 2108 886 2183 aequales
941 2115 1358 2185 concrescant,
1416 2117 1479 2170 et
1534 2111 1752 2187 quibus
1806 2110 2273 2171 intervallorum
2328 2111 2645 2172 ordinibus
2682 2119 2883 2172 certas

601 2232 783 2301 atque
816 2223 1102 2285 definitas
1140 2234 1264 2284 tum
1299 2225 1604 2302 attingere
1638 2233 1767 2285 tum
1802 2237 1865 2287 et
1900 2228 2251 2287 discernere
2284 2228 2469 2288 liceat
2501 2236 2731 2306 parteS.

1508 2595 1810 2660 CAPVT
1879 2594 1997 2660 VI.

470 2777 554 2841 15
841 2805 1089 2845 Doctrinae
1119 2807 1174 2846 dc
1203 2806 1345 2856 alogis
1373 2810 1420 2846 et
1448 2806 1733 2858 asymmctris
1771 2809 1961 2846 matrem
1991 2817 2089 2846 csse
2120 2805 2429 2856 ignorantlam
2453 2805 2644 2847 minimi.

778 3043 1004 3128 Aloga
1044 3064 1198 3107 cum
1237 3040 1526 3106 minimo
1566 3049 1844 3106 careant
1884 3064 2156 3127 quoque
2194 3042 2419 3108 dicere
2461 3050 2723 3128 quanta

601 3158 986 3245 Coguntur,
1029 3165 1446 3244 propterque
1484 3157 1613 3222 hoc
1651 3157 1938 3242 quinam
1976 3158 2190 3224 dicier
2228 3159 2347 3223 isti

602 3278 950 3343 Mensores
986 3282 1340 3362 poterunt,
1382 3273 1670 3338 minimo
1710 3282 2016 3341 amentes
2055 3276 2203 3340 sine
2242 3283 2427 3340 certo

604 3391 829 3475 (Quod
863 3413 1024 3455 sane
1063 3397 1130 3454 et
1164 3390 1298 3476 ipsi
1335 3412 1730 3454 mensuram
1769 3389 1996 3454 dicere
2035 3397 2375 3472 suerunt),

470 3505 558 3568 20
605 3510 824 3573 Extra
860 3529 1061 3571 usum
1098 3513 1176 3571 ut
1215 3505 1527 3570 monadis
1563 3511 1895 3592 promunt
1924 3528 2176 3592 paucas
2215 3505 2559 3570 rationes?

604 3626 790 3690 Hinc
827 3648 951 3689 nec
994 3624 1079 3690 ab
1112 3623 1406 3688 internis
1439 3628 1863 3706 mensurant,
1905 3622 2023 3687 sed
2060 3644 2424 3687 numerum
2464 3621 2598 3708 ipsi

606 3740 960 3823 Indicant,
1001 3748 1078 3805 ut
1116 3762 1241 3826 pro
1279 3746 1446 3805 noto
1486 3763 1670 3805 nunc
1707 3739 2047 3825 accipitur
2082 3761 2208 3825 par

608 3857 1033 3922 Continuum
1071 3864 1278 3941 atque
1316 3856 1541 3942 impar
1573 3855 1762 3920 alias.
1803 3856 2017 3920 Porro
2056 3854 2504 3919 minimorum

609 3973 743 4037 Pro
777 3994 974 4037 caeco
1013 3992 1298 4036 numero
1335 3971 1529 4035 venit
1567 3970 1733 4034 haec
1770 3970 2023 4054 largita
2062 3976 2369 4056 potestas

471 4091 557 4153 ‘25
606 4090 856 4154 Libora
895 4086 1172 4169 sectori,
1212 4109 1352 4151 non
1392 4095 1623 4151 autem
1663 4084 1979 4151 materiei

609 4206 972 4272 Subiectae
1007 4203 1136 4268 hoc
1173 4202 1440 4288 patitur
1477 4223 1756 4288 prorsus
1791 4207 2041 4265 natura
2078 4197 2411 4285 profecto.

605 4322 703 4387 At
739 4344 900 4387 vero
937 4327 1015 4384 ut
1055 4317 1381 4404 quiddam
1421 4317 1496 4382 in
1532 4324 1763 4403 partes
1803 4315 2216 4402 dispescitur
2255 4335 2509 4397 aequas

606 4438 836 4522 Atque
875 4459 1073 4524 pares
1110 4434 1415 4521 proprie,
1455 4458 1674 4520 genus
1713 4434 1842 4500 hoc
1877 4433 1936 4496 si
1975 4440 2347 4515 utrumque
2382 4440 2726 4495 tomorum

607 4555 742 4619 Pro
779 4553 988 4618 libitu
1026 4551 1348 4632 occurrit,
1392 4551 1506 4615 cui'
1541 4573 1681 4616 non
1720 4559 1968 4615 natura
2010 4547 2278 4613 subacti

873 4673 1024 4712 uuum
1063 4674 1172 4720 ΟΜ).
1198 4673 1277 4709 lut.
1307 4671 1341 4718 1,
1365 4671 1408 4708 3.
2050 4707 2057 4710 ,
2516 4664 2567 4703 32

2889 2624 2968 2686 p.
3000 2610 3177 2673 110

2843 4109 2893 4146 10
