3738 5268
860 440 980 497 218
1471 451 1748 497 loRnAm
1790 451 1995 497 Bavm
2037 452 2126 496 DE
2167 451 2439 513 mmmm,
2486 453 2552 496 11.

861 611 1102 669 buntur.
1146 609 1318 668 Sicut
1351 608 1509 669 enim
1554 628 1628 668 ex
1663 608 1878 686 primis
1911 608 2190 686 partibus
2226 607 2590 686 triangulae,
2633 625 2811 684 quem
2848 626 2923 666 ex
2958 606 3156 668 tribus

862 724 1126 784 minimis
1193 724 1527 800 constituO,
1575 722 1787 784 differt
1847 725 1925 782 ab
1983 742 2057 782 ex
2120 724 2334 802 primis
2388 723 2671 802 partibus
2733 722 3153 800 quadrangulo

863 841 1025 918 quod
1060 860 1134 900 ex
1176 847 1435 916 quatuor
1478 838 1742 899 minimis
1778 858 2100 917 compon0,
2139 840 2226 899 ita
2271 859 2591 916 numquam
2630 839 2706 899 de
2742 838 3160 916 consequenti-

864 958 978 1018 bus
1032 955 1377 1032 triangulus
1424 953 1590 1016 ullus
1634 955 1743 1014 ulli
1787 956 2207 1032 quadrangulo
2255 955 2355 1015 vel
2404 956 2586 1015 alteri
2640 955 2873 1033 figurae
2927 954 3157 1034 poterit

781 1074 822 1137 5
867 1076 1133 1153 aequari.
1177 1074 1355 1135 Licet
1395 1075 1549 1134 enim
1599 1074 1816 1152 planae
1860 1074 2304 1152 angularesque
2350 1074 2582 1152 figurae
2620 1074 2858 1151 aequali
2893 1072 3157 1152 partium

863 1212 1113 1253 numero
1148 1210 1451 1270 gnomone
1494 1190 1924 1277 circumposito
1971 1190 2293 1269 imparium
2332 1210 2719 1251 numerorum
2763 1189 2975 1250 ordine
3023 1208 3159 1249 con-

866 1318 1168 1386 crescant,
1204 1327 1530 1383 numquam
1570 1314 1775 1366 tamen
1823 1305 2181 1384 magnitudo
2224 1306 2490 1383 partium
2535 1307 2711 1367 nnius
2752 1305 3158 1383 magnitudini

864 1427 1127 1504 partium
1173 1423 1453 1498 alterius,
1506 1423 1667 1481 sicut
1726 1442 1846 1481 non
1898 1421 2242 1500 sigillatim,
2292 1423 2382 1482 ita
2440 1442 2637 1500 neque
2692 1421 3009 1500 complexe
3064 1441 3156 1481 ac·

870 1551 1182 1621 cept-arum
1236 1541 1353 1600 erit
1404 1537 1694 1613 aequalis.
1747 1537 1924 1609 Quod
1966 1537 2018 1597 si
2056 1537 2331 1598 lateralis
2378 1537 2620 1597 laterali
2674 1558 2794 1597 non
2830 1545 3150 1615 aequatur,

739 1654 823 1717 lO
869 1678 1127 1734 quonam
1161 1656 1391 1736 poterit
1421 1655 1601 1714 modo
1639 1674 1904 1729 unquam
1940 1654 2219 1715 circulari
2254 1654 2530 1715 lateralis
2563 1654 2839 1732 aequari,
2878 1674 3033 1730 qnae
3066 1655 3156 1713 sic

869 1774 1080 1833 ordine
1109 1773 1343 1851 parium
1371 1771 1530 1832 sicut
1554 1771 1676 1831 ista
1698 1770 2019 1850 imparium
2050 1771 2463 1847 homogeneos
2484 1790 2820 1848 gnomones
2849 1770 3157 1831 adsumit?

1027 1887 1061 1933 ‘u
1103 1890 1199 1948 33.
1240 1886 1421 1947 Adde
1453 1895 1523 1948 ut
1557 1907 1753 1963 neque
1782 1870 2512 1965 quadratumqnadrat0‚
2549 1907 2746 1964 neque
2781 1886 3154 1965 triangulum

868 2004 1197 2083 triangulo,
1237 2023 1432 2081 neque
1469 2004 1756 2064 circulum
1794 2003 2021 2064 circulo
2059 2024 2177 2063 una
2210 2003 2509 2082 possibile
2553 2004 2638 2064 sit
2679 2022 2903 2080 augere
2957 2012 3153 2083 parte.

869 2123 985 2182 Dic
1033 2120 1217 2181 enim:
1253 2120 1497 2180 ubinam
1546 2119 1711 2179 illam
1746 2128 1986 2199 partem
2019 2120 2313 2180 adiicies?
2346 2121 2465 2181 Uni
2501 2121 2726 2200 quippe
2762 2121 3022 2181 laterum
3056 2122 3157 2182 ad-

741 2233 822 2296 15
871 2240 1000 2299 dita
1032 2239 1152 2299 iam
1185 2259 1382 2316 neque
1418 2236 1776 2314 quadratum
1813 2239 2230 2316 conservabit,
2266 2258 2465 2314 neque
2500 2239 2775 2299 eiusdem
2811 2238 2983 2299 cuius
3026 2247 3160 2299 erat

871 2356 1102 2434 speciei
1134 2354 1642 2432 quadrangulum,
1683 2353 1793 2414 sed
1835 2356 2188 2433 trapetium.
2236 2356 2625 2434 Quapropter
2660 2344 2905 2434 oportet
2957 2355 3036 2415 ad
3077 2355 3160 2415 la-

873 2481 1066 2532 terum
1095 2471 1526 2548 aequalitatem
1551 2470 1866 2530 addidisse
1898 2490 2008 2548 per
2038 2470 2280 2549 singula
2314 2474 2576 2532 laterum
2612 2480 2857 2550 parteS,
2893 2479 2963 2532 ut
2996 2472 3157 2549 quod

871 2588 976 2650 uni
1017 2587 1312 2649 addidisti
1359 2586 1611 2663 reliquis
1654 2605 1891 2664 quoque
1936 2585 2254 2649 adieceris.
2298 2587 2657 2665 Nequedum
2704 2596 2841 2649 tuae
2886 2590 3158 2666 negotia-

876 2705 1060 2767 tionis
1092 2704 1231 2766 finis
1274 2706 1416 2781 erit,
1465 2703 1953 2780 quandoquidem
2008 2705 2375 2783 perimetrns
2427 2707 2594 2766 facta
2648 2705 2842 2765 maior
2883 2706 3156 2767 eiusdem

741 2824 831 2886 20
875 2821 1226 2900 aequalisve
1271 2820 1469 2899 campi
1517 2820 1704 2880 desiit
1746 2839 1886 2881 esse
1931 2821 2255 2898 terminus;
2298 2830 2510 2900 partes
2552 2821 2743 2900 igitur
2785 2841 2963 2882 areae
3019 2843 3159 2899 quo-

876 2960 993 3016 que
1027 2937 1462 3016 multiplicatas
1493 2957 1630 2997 esse
1657 2944 1917 3016 oportet,
1949 2958 2100 3014 quae
2131 2959 2271 2997 num
2316 2945 2574 3014 quatuor
2599 2938 2608 3020 Ι
2635 2939 2878 2998 illorum
2912 2949 3159 3018 puncto·
3206 2967 3288 3028 p,
3316 2952 3458 3016 82

875 3077 1008 3116 rum
1044 3056 1122 3115 ad
1157 3056 1417 3115 laterum
1470 3062 1744 3116 extrema
1784 3052 1953 3114 facta
1994 3054 2335 3115 adiectione
2385 3055 2557 3114 iuxta
2597 3057 2907 3134 propriam
2954 3058 3161 3117 valeat

877 3192 1016 3234 esse
1046 3172 1248 3249 legem
1283 3179 1638 3245 exaequata,
1670 3169 1812 3229 inde
1841 3170 2229 3248 perspicuum
2260 3190 2397 3231 esse
2417 3171 2673 3250 poterit,
2701 3171 2806 3231 ubi
2841 3171 3160 3232 definitum

878 3287 1125 3349 noveris
1170 3306 1307 3348 esse
1351 3287 1650 3364 ordinem,
1694 3307 1812 3363 quo
1862 3286 2101 3347 adiecto
2137 3307 2438 3363 gnomone
2484 3287 2665 3347 simul
2699 3296 2882 3364 atque
2925 3289 3160 3367 pariter

745 3402 832 3466 25
879 3405 1075 3481 figura
1122 3411 1250 3463 tum
1304 3403 1662 3481 perimetrO,
1725 3411 1856 3463 tum
1909 3422 2120 3481 campo
2167 3403 2568 3480 adaugeatur;
2623 3403 2892 3464 definitis
2937 3406 3162 3484 quippe

879 3519 1216 3599 imparibus
1252 3519 1728 3595 aequalibusque
1772 3519 2051 3596 partibus
2086 3520 2174 3579 ita
2205 3519 2489 3579 continue
2527 3521 2859 3598 polygonia
2912 3522 3162 3598 crescit,

883 3638 1039 3697 sicut
1066 3644 1128 3694 et
1157 3633 1424 3694 definitis
1453 3633 1715 3694 circulus
1747 3636 2103 3710 aequalibus
2138 3643 2318 3713 atque
2348 3636 2615 3714 paribus.
2648 3637 2925 3697 Partium
2955 3638 3165 3716 itaque

881 3752 1038 3812 ratio
1083 3750 1495 3810 addendarnm
1541 3759 1605 3811 et
1646 3748 1907 3811 similem
1963 3752 2462 3812 constituentium
2528 3752 2785 3830 figuram
2837 3755 2913 3814 ab
2958 3773 3166 3816 earum

885 3867 1102 3943 quibus
1161 3866 1393 3925 additio
1450 3866 1521 3924 fit
1573 3867 1812 3926 ratione
1867 3867 2050 3927 facile
2106 3867 2461 3929 desumitur.
2523 3869 2836 3940 Quadrato
2900 3872 3160 3950 scilicet,

753 3984 840 4047 30
884 3984 1054 4044 cuius
1098 3990 1335 4060 septem
1389 3983 1670 4061 partibus
1724 3989 2032 4043 extremus
2089 4004 2310 4060 gnomo
2367 3984 2761 4065 conflabitur,
2816 3987 3168 4050 immediate

886 4119 1106 4160 novem
1167 4099 1454 4158 similium
1496 4107 1559 4159 et
1605 4099 1945 4175 aequalium
2004 4099 2265 4179 partium
2314 4123 2536 4179 gnomo
2586 4103 2703 4162 erit
2749 4104 3168 4182 adiiciendus;

889 4218 1102 4278 eadem
1145 4227 1207 4277 et
1248 4237 1683 4294 quamcumque
1726 4216 1908 4278 aliam
1961 4219 2354 4296 polygoniam
2397 4221 2559 4281 serie
2603 4223 2890 4282 convenit
2931 4225 3164 4302 angeri.

1073 4470 1137 4520 20
1169 4469 1502 4535 aequaliave
