3738 5268
1533 476 1621 520 m:
1662 474 1991 522 nnxsvaA.
2786 453 2903 517 307

577 661 580 664 ·
623 631 717 692 les
754 631 1008 693 dividua
1042 642 1164 709 est;
1210 635 1394 693 etiam
1448 634 1502 692 si
1551 633 1863 692 minimum
1912 632 2065 691 illud
2112 630 2471 691 indistincte
2506 630 2607 691 vel
2646 628 2902 689 confuse

625 750 1019 827 concipiatur.
1053 749 1137 808 Et
1177 768 1363 829 supra
1411 750 1640 810 dictum
1694 755 1792 809 est
1824 748 1986 807 unde
2044 738 2365 825 proveniat
2406 747 2513 806 illa
2555 745 2634 804 ad
2672 746 2907 824 pariter

623 868 1058 947 impariterque
1093 868 1423 928 secandum
1456 868 1734 928 facultas,
1768 867 1985 927 Stante
2018 887 2166 927 vero
2195 868 2255 926 in
2285 866 2589 925 infinitum
2631 864 2908 925 divisibi-

623 983 828 1060 litate,
863 989 933 1042 ut
964 982 1169 1043 nullae
1203 992 1346 1043 sunt
1370 985 1632 1063 primae,
1669 1002 1863 1059 neque
1890 982 2054 1042 ullae
2088 982 2345 1058 mediae,
2382 1001 2580 1056 neque
2620 981 2783 1061 (cum
2816 999 2910 1040 ra-

531 1105 576 1168 5
621 1104 789 1164 tione
822 1104 1277 1184 mensurabilis)
1307 1104 1619 1182 proximae
1648 1109 1909 1181 possunt
1938 1121 2076 1161 esse
2106 1107 2316 1180 partes
2346 1108 2410 1160 et
2440 1098 2754 1172 definitae,
2793 1096 2905 1157 sed

622 1223 952 1284 secundum
995 1224 1364 1302 positionem
1416 1231 1479 1283 et
1532 1220 1851 1281 arbitrium
1904 1221 2076 1280 iuxta
2107 1220 2379 1280 infinitos
2414 1218 2905 1280 differentiarum

620 1340 851 1417 gradus
883 1342 1259 1404 indefinitae.

1518 1693 1828 1760 CAPVT
1901 1694 2018 1760 VI.

1097 1863 1395 1904 Distu-{buton
1427 1863 1594 1904 Datum
1621 1866 1791 1904 lineam
1821 1868 1950 1904 certa
1980 1864 2159 1904 ratione
2189 1865 2440 1904 mulnseco.

491 2073 577 2135 10
796 2076 981 2141 Dein
1018 2077 1211 2142 velut
1247 2099 1385 2142 una
1426 2076 1558 2141 tibi
1595 2083 1779 2142 secta
1812 2084 1945 2160 est,
1983 2077 2215 2142 oblata
2254 2078 2547 2144 secanda

618 2189 957 2257 Perfacile
995 2191 1070 2256 in
1107 2192 1397 2257 totidem
1435 2193 1696 2279 parteis
1735 2192 2092 2279 migrabit,
2133 2199 2212 2257 ut
2250 2194 2394 2258 eius

618 2306 961 2372 Punctum
1004 2308 1337 2373 dissectae
1375 2309 1678 2374 medium
1716 2309 1940 2394 primo
1980 2308 2297 2396 capiatur

619 2425 752 2490 Pro
793 2430 1028 2489 centro
1066 2431 1583 2509 extremumque
1622 2424 1890 2510 integre
1930 2425 2218 2491 circinet
2253 2449 2501 2510 unum3

618 2539 820 2606 Unde
858 2540 1059 2605 datae
1097 2541 1413 2627 opposito
1452 2540 1536 2606 de
1574 2541 1852 2607 cardine
1892 2541 2230 2608 terminus
2262 2566 2440 2608 unus
2880 2575 2906 2612 5

489 2659 571 2723 15
618 2657 852 2743 Atque
889 2658 1064 2722 alter
1101 2657 1291 2723 fluxu
1328 2665 1516 2724 recto
1556 2658 1994 2743 quantolibet
2031 2660 2259 2746 ipsum

616 2774 956 2840 Concidat
993 2774 1067 2838 in
1105 2796 1359 2861 gyrum
1394 2774 1604 2861 parili
1641 2782 1896 2858 tractu,
1935 2783 2015 2841 ut
2050 2777 2243 2842 velut
2282 2779 2459 2843 alter

617 2891 978 2979 Concipiet
1012 2892 1243 2978 plures
1279 2899 1539 2978 partes,
1580 2893 2021 2979 reliquusque
2059 2902 2371 2981 capessat

616 3008 1025 3073 Consimiles
1064 3008 1489 3094 totidemque
1502 3032 1515 3092 ;
1556 3008 1698 3073 suis
1735 3008 1891 3074 dein
1934 3010 2190 3076 finibus
2228 3034 2408 3077 unus

615 3124 908 3189 Finibus
945 3123 1228 3189 alterius
1266 3130 1612 3206 nectatur,
1653 3123 1710 3189 si
1749 3124 1944 3211 cupis
1983 3108 2129 3190 ess-e
2858 3160 2905 3193 ιο

480 3248 570 3310 20
613 3240 995 3306 Discissum
1032 3240 1335 3305 medium
1371 3239 1657 3327 longum
1693 3249 1893 3327 parte
1930 3241 2227 3328 amplius
2266 3265 2404 3307 una

614 3357 912 3442 Aequali
949 3356 1251 3441 reliquis.
1291 3356 1527 3422 Veluti
1565 3357 1913 3441 Lascivia,
1955 3358 2179 3441 Musa,

615 3474 1054 3559 Ornatusque
1091 3482 1160 3538 et
1197 3474 1441 3539 Honor
1478 3495 1729 3559 gyrum
1767 3474 2124 3540 venientia
2161 3475 2236 3539 in
2274 3497 2491 3540 unum

614 3590 1007 3656 Ostendunt
1043 3612 1179 3676 qua
1215 3589 1289 3656 vi
1329 3613 1501 3677 quae
1539 3591 1841 3656 Habitus
1880 3590 2235 3655 descendit
2271 3591 2358 3656 ab
2401 3591 2543 3656 alto

612 3707 907 3773 Cardine
945 3707 1034 3773 ad
1072 3708 1468 3795 oppositum
1507 3708 1743 3773 veniat
1779 3708 1895 3773 via
1934 3708 2144 3773 scissa
2182 3732 2303 3795 per
2341 3709 2497 3774 illas
2852 3737 2899 3774 1⁵

478 3828 565 3892 25
612 3825 915 3911 AequaS,
954 3847 990 3889 e
1031 3824 1281 3910 quibus
1319 3823 1449 3888 hac
1487 3823 1756 3889 Ornatu
1793 3824 2057 3890 Musica
2095 3825 2335 3890 vincta
2373 3834 2505 3909 est,

610 3942 877 4026 Perque
915 3939 1106 4005 illam
1146 3940 1384 4006 iuncta
1421 3947 1523 4005 est
1562 3940 1828 4006 tumido
1867 3939 2188 4006 Lascivia
2227 3940 2515 4006 Honori.

613 4056 758 4120 Ista
799 4054 1118 4141 Solymus
1155 4056 1366 4123 habet
1404 4063 1788 4122 monstrare
1825 4057 2016 4122 Horo
2056 4064 2263 4141 atque
2302 4054 2595 4137 Pericle3

615 4170 690 4236 Si
728 4171 920 4236 lubet
959 4170 1256 4238 admissa
1295 4172 1676 4239 constantis
1715 4195 1882 4240 voce
1919 4172 2217 4237 Berasti.

801 4411 860 4458 12
892 4410 1143 4461 disectae
1264 4410 1323 4459 17
1357 4416 1636 4476 capessat.
1767 4411 1828 4456 113
1860 4412 2216 4477 totidemque
2252 4410 2374 4461 suis
2498 4409 2563 4460 23
2585 4410 2637 4473 f.
2672 4409 2887 4459 Abitus

613 4490 675 4541 2?
703 4491 951 4542 Solimus
