3738 5268
1521 531 1609 574 m:
1652 529 1981 576 MENSVRA.
2774 517 2895 575 313

606 688 995 770 Consulito,
1036 694 1115 753 ut
1153 687 1449 774 geminis
1487 688 1766 775 punctis
1805 687 2230 754 distantibus
2269 711 2483 774 aeque

608 803 942 891 Opposita
981 804 1055 868 in
1093 805 1371 890 regione
1409 804 1520 870 vel
1555 804 1684 869 hae
1721 803 2037 871 fortassis
2076 804 2338 887 eadem;

603 920 782 984 Nam
818 920 1095 1006 gemino
1133 920 1207 985 in
1245 927 1504 1007 puncto
1545 921 1663 1004 qui
1702 944 1742 986 a
1774 927 1962 985 reeta
1998 921 2376 1005 aequaliter
2414 921 2645 986 abstat

605 1035 1005 1102 Abstabunt
1043 1060 1256 1122 aeque
1295 1037 1496 1102 datus
1534 1045 1603 1103 et
1642 1037 2016 1124 capiendus
2055 1037 2131 1102 in
2168 1060 2348 1103 areu.

517 1159 559 1225 5
605 1153 750 1220 Ista
787 1153 1093 1219 Periclea
1131 1161 1469 1219 monstres
1508 1161 1576 1218 et
1614 1155 1765 1219 luce
1802 1153 2094 1218 Berasti.
2837 1179 2891 1220 30

1394 1410 1738 1455 APPOSITIO
1785 1411 2099 1455 SECVNDA.

1430 1557 1556 1596 Idem
1580 1566 1661 1606 per
1681 1557 1957 1604 triangulum
1981 1556 2069 1595 fac.

600 1707 757 1772 Non
801 1707 1026 1772 minus
1064 1707 1138 1771 in
1178 1707 1516 1793 triquetro
1555 1708 1838 1794 paribus
1879 1709 2000 1794 qui
2039 1709 2353 1774 eruribus
2386 1715 2579 1774 extat
2618 1712 2708 1793 (1)

600 1823 898 1906 EfficieS,
941 1824 1133 1889 ouius
1172 1824 1356 1889 basis
1395 1832 1497 1888 est
1536 1824 1697 1890 data
1735 1824 1921 1890 linea
1958 1824 2262 1911 primum
2296 1825 2386 1908 (2)

469 1933 554 1997 10
599 1939 805 2004 Parte
844 1940 979 2025 sui,
1020 1941 1309 2006 ulterius
1347 1942 1456 2006 vel
1496 1943 1554 2006 si
1591 1942 1956 2028 produoier
1994 1949 2204 2028 optet.

594 2056 764 2120 Inde
803 2079 926 2142 per
964 2065 1312 2122 ostensum
1353 2064 1613 2124 eostam
1651 2057 2012 2144 producito
2052 2064 2388 2144 punctum
2427 2061 2517 2142 (3)

598 2170 1114 2258 Quamlibetfflc),
1139 2181 1216 2238 ut
1239 2174 1580 2259 reliquum
1607 2176 1959 2259 aequalem
1975 2178 2064 2258 (ὅ)
2087 2175 2269 2240 basis
2294 2176 2453 2276 indo
2479 2184 2808 2262 receptet3
2836 2204 2887 2242 35

593 2288 772 2352 Nam
805 2288 879 2353 in
914 2289 1251 2376 triquetro
1289 2292 1676 2376 Hermetis,
1712 2291 2044 2376 charitis,
2090 2292 2516 2379 Ganymedis
2553 2293 2884 2359 habemus

596 2406 694 2472 Ut
731 2413 929 2470 tanto
970 2406 1042 2470 in
1081 2407 1400 2473 methodo
1439 2408 1570 2474 hac
1611 2407 2086 2493 Ganymedem
2123 2408 2397 2494 linquat
2436 2408 2726 2496 Apollo,

468 2522 550 2585 15
598 2520 726 2586 Vel
763 2521 1006 2586 Charis
1044 2545 1084 2586 a
1124 2523 1402 2588 Charite
1442 2531 1545 2588 est
1585 2533 1920 2609 quantum
1962 2531 2081 2589 aut
2120 2525 2447 2590 Hermete
2488 2533 2789 2592 remotus

595 2637 936 2720 Baooliu3‚
976 2638 1159 2723 quod
1195 2638 1386 2705 facili
1424 2642 1842 2706 monstrabit
1878 2642 2029 2706 luce
2067 2642 2365 2707 Pericles

597 2753 829 2840 Atque
865 2755 1234 2841 parallelae
1272 2756 1498 2823 finitio
1538 2757 1990 2823 considerata.
2826 2790 2879 2828 «ιο

755 2954 788 2999 Ἥ
835 2953 927 3011 10.
969 2949 1062 3034 (1)
1105 2951 1618 3028 aequidistantem
1662 2972 1888 3030 quaero
1931 2974 1967 3013 a
2008 2950 2261 3013 definito
2307 2962 2532 3031 puncto
2565 2952 2636 3031 C,
2672 2956 2709 3012 2
2745 2973 2882 3014 oen-

595 3077 752 3130 trum
796 3071 866 3131 fit
900 3072 963 3131 in
995 3072 1132 3149 ipsa
1173 3069 1276 3130 via
1308 3076 1478 3127 recta
1520 3070 1577 3128 A
1619 3077 1725 3128 aut
1778 3089 1963 3148 supra
1995 3077 2099 3129 aut
2130 3068 2317 3146 infra,
2358 3071 2394 3127 3
2451 3070 2878 3129 circumfluxus

460 3190 549 3253 20
595 3200 692 3251 est
719 3211 830 3267 per
858 3196 1146 3268 punctum
1178 3189 1241 3265 C,
1272 3185 1365 3270 (2)
1398 3188 1476 3246 ab
1511 3196 1784 3249 extremo
1825 3189 1877 3246 B
1916 3189 2016 3249 vel
2066 3188 2135 3263 O,
2169 3191 2206 3247 5
2242 3188 2504 3247 alterurn
2543 3196 2881 3250 extremum

596 3316 692 3366 est
719 3308 773 3365 B
809 3308 908 3366 vel
946 3306 1025 3385 O,
1071 3313 1107 3365 6
1151 3316 1412 3385 punctus
1447 3309 1506 3366 iu
1547 3329 1690 3367 arou
1731 3307 1995 3381 largitus
2039 3306 2114 3383 G,
2165 3307 2199 3365 7
2239 3314 2528 3381 quantum
2567 3306 2761 3366 distat
2797 3308 2873 3366 ab

594 3432 864 3483 extremo
898 3424 979 3501 B,
1019 3427 1057 3483 8
1086 3431 1321 3484 tautum
1358 3434 1454 3485 est
1491 3444 1644 3501 opus
1681 3445 1716 3483 a
1751 3423 1985 3499 reliquo
2026 3422 2104 3499 O,
2144 3425 2181 3481 9
2212 3430 2501 3499 punctum
2535 3424 2586 3481 Ε
2620 3424 2872 3484 distare.

1482 3758 1784 3823 CAPVT
1851 3758 1979 3820 IX.

1380 3968 1638 4012 VERTEX
1685 3971 1722 4011 A
1732 3970 2079 4012 SCENDENS.

452 4102 491 4163 Ν.)

499 4102 537 4163 :5¹

1163 4120 1588 4170 perpendicularem
1618 4132 1752 4170 super
1782 4122 1889 4160 dato
1919 4125 2085 4171 puncto
2116 4123 2290 4163 «lamus.

760 4291 852 4354 Et
891 4289 972 4354 de
1012 4289 1293 4355 sublimi
1330 4291 1919 4376 perpen‹,lioularis
1960 4294 2044 4358 ad
2083 4295 2301 4361 imum

583 4406 968 4470 Descendet
1005 4414 1369 4491 punctum,
1412 4407 1836 4493 Ganymedis
1877 4409 1933 4473 si
1974 4411 2433 4497 Erigonisque

581 4522 841 4586 Nactus
881 4521 1014 4586 eris
1051 4530 1415 4607 punotum3
1459 4523 1778 4608 quocirca
1818 4526 2191 4612 operabere
2228 4537 2306 4592 ut
2342 4528 2524 4593 idom

847 4642 997 4681 Buum
1037 4642 1145 4690 0111).
1170 4644 1249 4678 tae.
1280 4642 1313 4689 1,
1339 4643 1379 4680 3.
2490 4649 2546 4688 «10

2901 2657 2982 2718 p.
3003 2643 3197 2706 1‘73
