3738 5268
1369 498 1459 542 ns
1500 499 1724 543 mmm
1768 499 2180 546 Exisrrmla.
2796 489 2910 546 153

632 663 695 715 et
724 652 1140 713 subdividenti
1175 653 1517 730 minimum,
1559 653 1720 715 sicut
1754 674 1791 713 a
1824 653 1994 714 finito
2037 675 2287 716 numero
2321 674 2634 715 numerum
2670 656 2911 716 subtra-

629 770 797 831 henti
825 770 1161 846 monadem,
1199 769 1443 830 tandem
1476 773 1792 832 occurrere
1827 791 2080 832 necesse
2117 778 2229 831 est.

790 891 823 937 ¹11
858 889 953 948 26.
988 888 1083 946 32.
1125 887 1383 946 Duratio
1420 886 1700 947 absolute
1731 897 1827 948 est
1854 888 2092 947 infinita
2130 887 2232 967 (de
2267 888 2475 948 mundi
2508 888 2688 949 huius
2717 897 2907 949 aeter-

627 1004 819 1065 nitate
850 1004 950 1065 vel
979 1015 1253 1085 tempore
1283 1024 1403 1064 non
1431 1005 1712 1084 definio);
1742 1005 1902 1066 unde
1934 1007 2065 1066 sive
2095 1026 2338 1085 semper
2367 1005 2596 1067 fuerint
2624 1007 2758 1067 sive
2786 1027 2906 1067 non

541 1122 583 1186 ὗ
630 1120 886 1199 fuerint,
924 1121 1059 1183 sive
1092 1133 1388 1201 perpetuo
1425 1123 1549 1182 sint
1584 1123 1682 1183 vel
1717 1144 1837 1183 non
1873 1123 1996 1184 sint
2031 1122 2236 1183 futura
2268 1143 2422 1200 quae
2457 1122 2906 1183 indissolubilia

629 1247 937 1318 constant,
973 1242 1074 1301 vel
1108 1259 1227 1299 uno
1262 1249 1562 1315 manente,
1613 1239 1852 1301 duratio
1897 1251 1994 1302 est
2036 1251 2284 1302 aeterna
2318 1264 2354 1302 a
2387 1252 2564 1321 parte
2613 1242 2904 1303 anteriori

626 1370 766 1421 ante
813 1362 930 1420 hoc
981 1369 1045 1420 et
1092 1369 1234 1437 post
1279 1360 1396 1419 hoc
1446 1368 1509 1420 et
1557 1360 1876 1435 quodlibet
1928 1361 2221 1438 temporis
2274 1360 2436 1439 quod
2492 1361 2760 1440 accipias
2813 1360 2902 1419 in·
2948 1366 3196 1440 1223

626 1485 823 1554 stans,
860 1477 937 1536 ad
974 1497 1154 1552 quam
1184 1496 1329 1536 saue
1367 1477 1527 1537 omni
1556 1477 1768 1556 procul
1818 1478 2003 1538 dubio
2047 1477 2162 1539 hoc
2211 1479 2450 1539 instans
2504 1479 2606 1539 vel
2662 1487 2906 1556 tempus

629 1613 747 1670 quo
781 1593 982 1654 scribo
1020 1592 1159 1653 finis
1196 1602 1309 1653 est.
1352 1593 1572 1669 Itaque
1614 1613 1710 1653 me
1753 1594 2123 1674 scripturum
2156 1595 2339 1655 hodie
2381 1596 2458 1655 ab
2502 1595 2619 1654 hoc
2650 1594 2907 1654 instanti

500 1713 584 1775 10
628 1710 705 1769 ad
741 1711 1093 1769 immensam
1120 1709 1519 1788 praeteritam
1552 1709 1931 1772 durationem
1956 1711 2073 1784 fuit
2102 1731 2337 1788 verum,
2373 1722 2435 1772 et
2457 1731 2552 1770 me
2578 1710 2905 1789 scripsisse

631 1826 881 1902 falsum3
920 1846 1014 1886 me
1050 1846 1198 1886 vero
1232 1826 1559 1904 scripsisse
1592 1827 1670 1886 ab
1702 1827 1820 1887 hoc
1869 1836 2144 1907 tempore
2178 1828 2256 1887 ad
2300 1829 2655 1887 immensam
2690 1826 2902 1886 nihilo-

629 1944 824 2004 minus
859 1942 1236 2003 durationem
1273 1943 1392 2004 erit
1428 1963 1668 2017 verum,
1706 1952 1768 2004 et
1800 1953 1868 2004 ut
1907 1945 2049 2004 olim
2087 1943 2453 2022 scripturum
2503 1944 2728 2005 falsum
2766 1943 2900 2004 erit.

628 2062 791 2140 Ergo
828 2061 891 2121 in
924 2061 1086 2119 omni
1115 2067 1338 2139 puncto
1373 2059 1742 2136 durationis,
1779 2070 1960 2136 atque
2006 2062 2201 2121 omnis
2252 2060 2590 2122 durationis
2643 2070 2904 2141 punctus

629 2188 725 2241 est
757 2177 1117 2258 principium
1151 2179 1281 2236 sine
1316 2176 1436 2236 fine
1481 2184 1544 2236 et
1586 2176 1724 2236 finis
1768 2178 1900 2238 sine
1936 2179 2253 2256 principio,
2289 2179 2448 2239 Tota
2483 2199 2629 2255 ergo
2659 2177 2901 2238 duratio

501 2291 582 2353 15
629 2305 726 2356 est
757 2295 1055 2354 infinitum
1091 2294 1327 2353 instans
1360 2291 1522 2352 idem
1556 2293 1920 2372 principium
1957 2303 2018 2354 et
2052 2293 2208 2354 finis.

788 2421 821 2467 ‘n
854 2414 948 2470 38.
995 2409 1202 2469 Simile
1237 2429 1346 2469 suo
1383 2408 1561 2469 modo
1591 2409 1878 2469 iudicium
1915 2418 2011 2471 est
2044 2409 2121 2470 de
2156 2411 2316 2470 omni
2353 2418 2576 2489 puncto
2611 2410 2800 2489 spacii
2838 2417 2900 2469 et

626 2527 1060 2606 magnitudinis
1088 2526 1149 2586 in
1175 2527 1333 2587 mole
1368 2527 1657 2605 universi,
1689 2528 1759 2605 si,
1790 2537 1858 2587 ut
1886 2530 2209 2608 probatum
2245 2538 2342 2589 est
2372 2528 2434 2587 in
2464 2527 2618 2588 libro
2655 2528 2758 2587 De
2805 2528 2899 2586 in·

627 2648 881 2726 finito,
918 2655 1014 2707 est
1042 2647 1428 2723 immensum3
1465 2647 1567 2706 ubi
1604 2647 1789 2707 tellus
1832 2667 1952 2706 non
1998 2647 2193 2724 magis
2237 2654 2333 2706 est
2373 2646 2434 2705 in
2478 2645 2677 2706 medio
2721 2667 2900 2723 quam

623 2769 793 2844 luna,
834 2767 953 2844 sol,
989 2767 1168 2845 polus
1204 2774 1265 2826 et
1300 2767 1515 2826 omnia.
1541 2768 1613 2827 In
1643 2786 1822 2843 quam
1852 2764 2427 2845 contemplationem
2462 2763 2752 2825 devenire
2780 2783 2902 2822 non

493 2885 581 2948 ΞΟ
626 2891 979 2964 potuerunt,
1017 2882 1233 2961 quibus
1270 2882 1400 2943 eius
1434 2892 1659 2943 motum
1690 2883 1854 2943 circa
1889 2882 2200 2961 proprium
2235 2890 2508 2942 centrum
2540 2900 2661 2940 non
2691 2898 2902 2958 perce-

626 3003 792 3081 pisse
819 3000 1007 3061 licuit.

782 3118 834 3177 ⁸5,
876 3117 1249 3196 Principium
1285 3125 1348 3176 et
1382 3115 1837 3175 fundamentum
1876 3135 2146 3176 errorum
2177 3113 2466 3189 omnium,
2499 3120 2625 3172 tum
2651 3111 2714 3172 in
2743 3112 2901 3190 phy-

623 3238 749 3298 sica
802 3245 930 3297 tum
973 3234 1041 3295 in
1097 3233 1384 3311 mathesi,
1438 3242 1532 3293 est
1581 3232 1875 3293 resolutio
1930 3232 2198 3291 continui
2238 3231 2300 3290 in
2334 3230 2652 3291 infinitum.
2699 3231 2896 3291 Nobis

625 3374 769 3414 vero
793 3354 1101 3431 probatur,
1128 3360 1255 3411 tum
1277 3356 1545 3409 naturae
1561 3362 1687 3409 tum
1717 3349 1867 3408 artis
1898 3367 2079 3408 verae
2113 3347 2567 3425 resolutionem,
2606 3367 2762 3423 quae
2793 3367 2895 3407 ex-

490 3473 576 3535 ‘25
624 3479 717 3530 tra
751 3478 1027 3529 naturam
1071 3486 1189 3526 non
1224 3465 1478 3542 incedit,
1524 3488 1559 3524 a
1601 3465 2018 3542 magnitudine
2054 3465 2226 3525 finita
2262 3472 2324 3526 et
2357 3485 2607 3526 numero
2643 3463 2893 3524 descen-

623 3586 768 3646 dere
802 3586 862 3644 in
907 3593 1207 3660 atomum,
1263 3594 1387 3643 tum
1443 3602 1589 3643 vero
1638 3590 1926 3659 naturae,
1973 3591 2099 3641 tum
2144 3581 2466 3660 conceptui
2522 3579 2890 3658 adiiciendO,

622 3703 863 3763 modum
899 3701 1083 3761 ullum
1114 3722 1150 3760 a
1182 3700 1365 3759 rebus
1400 3720 1518 3759 non
1555 3718 1691 3760 esse
1722 3698 2147 3775 constitutum,
2184 3698 2301 3757 nisi
2328 3697 2404 3757 ad
2431 3706 2730 3757 certarum
2756 3716 2895 3773 spe-

627 3821 847 3880 cierum
884 3817 1337 3898 particularium
1379 3826 1656 3877 naturam
1700 3815 2073 3892 respicienti.
2129 3813 2447 3874 Minimum
2491 3833 2636 3892 ergo
2672 3811 2894 3889 ubique

626 3945 720 3997 est
753 3956 1047 4015 praesens
1089 3943 1270 4011 atque
1307 3953 1570 4012 semper,
1608 3932 1933 3992 maximum
1976 3950 2124 3991 vero
2168 3951 2463 4007 nusquam
2514 3939 2696 4005 atque
2747 3947 2894 3986 nun·

491 4054 579 4116 30
623 4073 819 4130 quam.
854 4052 1179 4112 Maximum
1218 4061 1419 4111 tamen
1453 4060 1633 4126 atque
1670 4049 1982 4108 minimum
2015 4047 2101 4107 ita
2136 4048 2198 4106 in
2228 4067 2404 4106 unam
2441 4054 2702 4125 possunt
2732 4046 2893 4107 coire

622 4172 936 4246 rationem,
966 4179 1033 4228 ut
1060 4168 1201 4227 inde
1227 4168 1409 4229 etiam
1431 4167 1750 4227 maximum
1787 4166 2011 4241 ubique
2046 4184 2183 4225 esse
2221 4183 2677 4242 cognoscamnS,
2705 4182 2892 4240 quan-

624 4286 946 4361 doquidem
984 4307 1095 4365 per
1129 4306 1201 4348 ea
1248 4303 1401 4363 qnae
1444 4284 1608 4344 dicta
1648 4292 1789 4343 sunt
1830 4283 2156 4341 maximum
2199 4281 2260 4340 in
2309 4280 2556 4341 minimo
2614 4287 2677 4340 et
2728 4279 2896 4339 mini·

624 4424 783 4462 mum
817 4403 880 4461 iu
912 4403 1170 4463 maximo
1202 4402 1535 4462 consistere
1573 4407 1834 4475 constat,
1876 4396 2379 4475 quemadmodum
2415 4398 2474 4457 iu
2504 4395 2892 4457 multitudine

613 4540 849 4597 monas,
908 4521 969 4579 iu
1032 4517 1287 4577 monade
1344 4517 1691 4577 multitudo.
1749 4515 2045 4587 Quamvis
2101 4516 2305 4593 potius
2359 4515 2516 4575 ratio
2561 4520 2624 4574 et
2675 4519 2892 4571 natura

890 4630 1037 4669 Βιευκι
1068 4628 1173 4677 Opp.
1202 4628 1280 4665 lat.
1308 4627 1351 4673 1,
1374 4628 1414 4666 3.
2522 4625 2574 4663 20
