3738 5268
1228 506 1857 553 conrrmrpmrmnsss
1901 506 1987 550 nx
2029 506 2291 552 ummo,
2783 491 2898 550 201

620 666 789 727 Nihil
834 670 1274 742 consequenter
1325 662 1687 741 simpliciter
1742 662 2094 723 continuum
2149 669 2212 722 et
2251 681 2434 722 unum
2480 667 2727 739 praeter
2780 668 2906 721 ato-

617 806 812 862 mum,
848 784 1123 864 spacium
1145 783 1496 845 universum
1519 791 1584 843 et
1618 783 2026 844 substantiam
2061 782 2425 862 simpliciter
2457 782 2620 842 inter
2647 802 2903 861 corpora

619 907 682 963 et
716 922 790 963 ea
815 923 1069 980 quorum
1106 921 1246 963 esse
1280 901 1441 963 circa
1476 921 1735 981 corpora
1768 900 2321 979 contemplandum.

779 1034 815 1084 Ἱῐ
854 1021 950 1080 22.
995 1019 1165 1081 Nihil
1200 1020 1448 1080 videtur
1481 1018 1680 1096 magis
1713 1019 1994 1099 partibus
2029 1018 2094 1077 in
2130 1019 2376 1098 planum
2411 1017 2733 1097 dispositis
2767 1017 2906 1076 ada-

530 1136 572 1201 ὃ
618 1145 822 1199 mante
861 1138 996 1217 ipso
1042 1147 1351 1218 constare,
1380 1138 1533 1198 nihil
1576 1137 1774 1215 magis
1826 1136 1985 1198 iride
2040 1137 2409 1198 semicirculi
2462 1156 2697 1214 arcum,
2752 1135 2906 1195 nihil

617 1259 859 1320 finitore
895 1259 1207 1337 circulum,
1245 1258 1396 1320 nihil
1449 1258 1767 1319 horizonte
1825 1264 2124 1318 nocturno
2171 1256 2712 1337 semisphaericam
2768 1275 2906 1316 con-

617 1377 962 1438 cavitatem.
997 1376 1073 1435 In
1105 1377 1181 1437 iis
1228 1383 1431 1436 tamen
1475 1382 1656 1452 atque
1692 1374 1859 1453 aliis,
1898 1383 2025 1435 tum
2061 1374 2510 1435 naturabilibus
2543 1382 2673 1434 tum
2705 1374 2902 1451 magis

615 1493 1036 1553 artificialibus
1049 1540 1062 1570 ‚
1100 1492 1368 1572 penitius
1401 1492 1781 1553 intuentibus
1824 1499 1887 1553 et
1931 1512 2006 1551 ex
2040 1498 2218 1570 parte
2249 1490 2477 1552 obiecti
2517 1498 2582 1551 et
2617 1511 2691 1551 ex
2727 1496 2902 1570 parte

616 1630 834 1673 sensus
871 1617 934 1671 et
967 1610 1487 1671 circumstantium
1522 1608 1912 1689 apertissima
1945 1607 2354 1685 inaequalitas
2390 1609 2733 1689 apparebit.

486 1725 571 1789 10
775 1726 808 1774 ἵ
855 1729 986 1788 100.
1029 1716 1193 1787 Vere
1226 1726 1416 1804 igitur
1433 1726 1761 1787 rotundum
1784 1732 1967 1801 atque
1995 1725 2314 1804 globosum
2348 1724 2614 1802 undique
2648 1724 2902 1801 aequale

617 1863 802 1903 unum
835 1843 1137 1903 infinitum
1170 1842 1591 1903 tantummodo
1624 1841 1980 1901 iudicamus.
2529 1810 2542 1819 “

1530 2182 1834 2247 CAPVT
1908 2181 1987 2245 V.

951 2375 1076 2413 Duas
1106 2372 1272 2423 figuras
1303 2370 1380 2410 vel
1406 2372 1551 2410 lineas
1579 2369 1628 2408 in
1653 2370 1846 2410 materia
1876 2370 2062 2410 omnino
2092 2371 2308 2417 aequales
2329 2370 2570 2411 ostendere

1225 2444 1300 2483 vel
1329 2443 1397 2483 bis
1419 2443 1614 2482 eandem
1645 2445 1851 2492 repetere
1871 2472 1882 2492 ,
1912 2446 1981 2482 est
2008 2442 2306 2492 impossibile.

487 2643 570 2706 15
682 2671 700 2684 ·
794 2646 1157 2712 Materiam
1195 2670 1392 2712 veras
1433 2668 1724 2730 usquam
1763 2644 2167 2730 explicitare
2204 2645 2460 2730 figuras
2556 2693 2563 2698 -

614 2766 822 2830 Posse
859 2770 1144 2850 negant,
1187 2771 1418 2829 tamen
1456 2762 1640 2828 haud
1678 2768 1949 2826 cessant
1987 2761 2109 2826 has
2150 2784 2473 2847 quaerere
2510 2762 2585 2827 in
2623 2763 2770 2845 illa3

614 2882 708 2945 Et
742 2880 1008 2945 ratione
1048 2879 1243 2962 duce,
1285 2877 1510 2943 media
1542 2900 1814 2963 quoque
1845 2878 2133 2942 metrica
2172 2878 2457 2962 amussi,

617 2997 1025 3082 Conquisita
1056 2996 1250 3062 venit
1284 3017 1550 3082 semper
1586 2994 1966 3081 polygonis
2006 3001 2233 3076 certa3

617 3113 758 3178 Nos
796 3119 1054 3196 tamen,
1093 3120 1172 3178 ut
1208 3135 1442 3178 veram
1479 3118 1767 3178 naturae
1805 3110 2067 3176 lumine
2106 3133 2420 3177 normam
2880 3141 2905 3179 5

483 3232 572 3294 20
616 3227 977 3293 Cernimus
1014 3227 1088 3292 in
1125 3227 1355 3311 factm,
1396 3249 1537 3292 non
1575 3234 1719 3292 tam
1756 3227 2260 3313 praesumimus
2300 3228 2457 3292 alte.

616 3343 954 3409 Novimus
991 3350 1070 3408 ut
1105 3342 1461 3428 trepidans
1499 3343 1808 3429 operatio
1847 3343 2072 3429 prima
2112 3343 2400 3408 metriae
2439 3351 2544 3408 est

615 3456 1024 3524 Fundamen
1061 3457 1369 3542 reliqum,
1404 3480 1576 3542 quae
1615 3467 1776 3524 sunt
1813 3458 2207 3544 peragenda
2245 3458 2598 3545 deinceps,

614 3576 713 3641 Ut
744 3580 1004 3641 rectam
1042 3574 1117 3639 in
1152 3583 1383 3661 partes
1421 3596 1579 3640 vere
1618 3575 1774 3660 quis
1822 3574 2091 3640 dividat
2129 3597 2414 3660 aequm,

619 3690 848 3776 Atque
887 3690 1246 3777 parallelas
1283 3690 1523 3775 faciat,
1565 3691 1790 3777 sitque
1828 3691 2125 3777 angulus
2157 3691 2306 3779 ipse
2858 3723 2908 3760 ιο

482 3816 569 3881 25
620 3807 836 3885 Quem
876 3805 1148 3892 cupiat,
1184 3828 1344 3871 vere
1382 3806 1582 3872 cadat
1619 3813 1689 3872 et
1727 3807 2340 3893 perpendicularis,

616 3925 773 3988 Non
804 3946 1050 3988 manus
1089 3929 1210 3988 aut
1248 3946 1485 3989 sensus
1524 3924 1630 3989 bis
1667 3932 1902 4012 partes
1940 3925 2194 4010 accipit
2233 3947 2515 4009 aequaS,

617 4040 775 4105 Non
806 4038 1154 4105 hominem
1193 4040 1502 4106 invenies
1541 4042 1647 4106 bis
1684 4064 1977 4130 pensum
2014 4041 2341 4128 ponderis
2382 4065 2524 4106 esse

617 4153 870 4238 Unius.
907 4163 1388 4242 praeterquam
1428 4180 1652 4223 crassa
1688 4159 1886 4223 lance
1922 4158 2330 4245 probatum;

619 4271 896 4355 Organa
935 4296 1075 4338 non
1113 4279 1435 4339 constant
1471 4274 1723 4359 quibus
1760 4274 1928 4340 haec
1964 4280 2359 4340 tractantur
2398 4272 2655 4339 amussi
2856 4301 2907 4339 15
2953 4299 3035 4361 p.
3067 4284 3209 4349 6⁹?

805 4523 853 4572 5.
872 4521 902 4571 7
935 4536 1130 4572 arcum
1148 4551 1208 4560 —
1226 4521 1664 4591 concavitatem]
1693 4521 1767 4572 sic
1893 4524 1957 4574 20
1990 4539 2180 4572 ”zanca
2209 4522 2265 4572 la
2298 4521 2503 4588 virqola

886 4634 1036 4675 unum
1075 4635 1183 4684 Opp.
1209 4636 1288 4674 lae.
1317 4637 1352 4682 1,
1377 4637 1418 4675 3.
2525 4635 2575 4670 2⁶5
