3738 5268
1523 566 1611 608 DE
1651 566 1980 611 MENsvssA.
2776 553 2893 611 337

1471 970 1774 1037 CAPVT
1833 971 2035 1037 ·V111.

1594 1250 1921 1294 SOCIETAS.

1042 1421 1102 1460 Et
1134 1421 1362 1470 triangulo
1387 1419 1607 1469 inscripto
1637 1419 1907 1469 parallelum
1938 1424 2042 1469 apto
2072 1419 2478 1469 clreumscrlptum.

783 1658 998 1722 Porro
1036 1657 1441 1743 parallelum
1479 1656 1538 1721 si
1581 1654 2143 1721 circumscribere
2180 1661 2409 1720 tentas

517 1773 559 1837 5
606 1775 949 1861 Inscripto
988 1774 1442 1859 triquetrum,
1483 1774 1602 1839 fiet
1641 1774 1700 1838 si
1740 1774 2052 1838 tenditur
2091 1774 2275 1839 ultra

609 1891 864 1977 Fitque
902 1892 1152 1979 duplus
1191 1893 1422 1957 radius
1463 1914 1596 1976 quo
1635 1891 1927 1956 finditur
1959 1891 2256 1976 angulus
2270 1914 2284 1972 ;
2326 1897 2541 1977 utque

611 2008 894 2074 Sacrato
932 2009 1007 2073 in
1045 2010 1330 2074 Veneris
1368 2010 1627 2096 templo
1669 2017 1930 2094 quanto
1969 2008 2165 2073 Bona
2205 2008 2533 2074 Amorem

609 2123 1004 2188 Distantem
1044 2124 1274 2210 spacio
1315 2123 1662 2210 aspiciunt
1698 2123 1888 2206 hinc,
1924 2123 2221 2208 indeque
2258 2124 2612 2188 Honorem
2875 2153 2899 2188 5

609 2239 810 2305 Ultra
850 2241 1227 2326 sepositum
1265 2248 1607 2326 spectant,
1650 2247 2128 2326 quantumque
2167 2240 2253 2304 ab
2292 2239 2551 2305 Amore

475 2355 560 2418 lO
605 2356 730 2420 Est
768 2357 1096 2422 abiuncta
1134 2357 1308 2442 vigil
1346 2357 1675 2441 Dilectio‚
1714 2363 1997 2442 tamque
2034 2359 2338 2423 Korealn

605 2474 795 2539 Haec
831 2476 1045 2539 latere
1083 2498 1167 2539 ex
1204 2475 1338 2540 alio
1378 2475 1750 2540 distantem
1791 2485 2060 2559 cernat3
2102 2485 2170 2540 et
2212 2476 2370 2541 inde

607 2589 881 2667 Quanta
918 2591 1318 2657 Fascinium
1356 2615 1395 2658 a
1435 2592 1697 2658 volucri
1736 2593 1980 2659 semita
2019 2593 2250 2658 abstat
2287 2592 2571 2679 Amore,

605 2707 829 2771 Tanto
868 2730 908 2771 a
945 2707 1266 2774 Fascinio
1305 2709 1623 2774 directim
1658 2709 1922 2775 Musica
1960 2710 2166 2797 longe
2205 2720 2326 2776 est.
2845 2744 2895 2780 ιο

603 2822 774 2888 Inde
813 2824 936 2889 ubi
973 2824 1251 2890 defluxu
1289 2825 1614 2911 iungetur
1651 2826 1917 2891 Musica
1954 2827 2226 2892 Honori

473 2938 557 3000 15
603 2942 872 3028 Hisque
911 2944 1044 3008 erit
1081 2943 1414 3009 ambobus
1451 2943 1676 3010 facilis
1716 2945 2084 3011 coniuncta
2122 2946 2384 3031 Korea,

603 3061 688 3124 In
728 3060 988 3147 triplici
1027 3068 1283 3147 puncto
1321 3083 1574 3147 gyrum
1611 3068 1967 3148 tangetur,
2007 3072 2086 3128 ut
2124 3062 2307 3129 ultra
2891 3078 2972 3139 p.
3013 3063 3212 3126 196

603 3175 948 3242 Continue
986 3178 1204 3263 possit
1244 3178 1658 3243 conscribier
1697 3180 1887 3243 intus
1926 3185 1993 3244 et
2033 3188 2227 3244 extra

604 3293 964 3359 Consimili
1004 3318 1270 3381 semper
1309 3294 1554 3359 similis
1591 3295 1858 3360 ratione
1898 3297 2142 3380 figura.
2842 3326 2893 3364 15

605 3411 761 3474 Fiet
801 3420 869 3474 et
907 3411 980 3474 in
1021 3411 1260 3475 multis
1297 3411 1499 3475 facile
1538 3412 1966 3477 observabile
2006 3413 2077 3477 id
2115 3412 2373 3499 ipsum,

469 3520 558 3583 20
603 3524 928 3608 Undique
966 3532 1036 3589 et
1073 3525 1238 3590 haec
1277 3526 1564 3591 Veneris
1603 3529 1940 3614 templum
1980 3528 2406 3594 demonstrat
2446 3536 2701 3614 aperte.

761 3765 1276 3844 Procedentibus,
1314 3768 1416 3844 qui
1457 3787 1492 3824 a
1529 3776 1738 3827 centro
1775 3768 2051 3829 defluunt
2086 3782 2147 3830 et
2191 3790 2302 3847 per
2337 3769 2595 3847 angulos
2638 3772 2897 3849 inscrip-

602 3890 701 3942 tae
737 3883 966 3959 figurae
1001 3884 1449 3960 protenduntur
1484 3894 1683 3957 extra,
1721 3886 1913 3945 radiis
1949 3888 2025 3945 ab
2069 3887 2607 3963 aequidistantium
2642 3896 2895 3966 puncto,

603 4021 736 4059 rum
777 4000 999 4060 finibus
1041 4004 1239 4061 latera
1285 4025 1320 4062 a
1364 4004 1814 4080 quantumlibet
1866 4005 2120 4064 distanti
2172 4006 2470 4084 parallela
2528 4018 2894 4068 connectunt

605 4118 786 4177 facile
825 4127 886 4178 et
917 4140 1212 4199 expressa
1248 4120 1790 4182 demonstratione.

869 4686 1016 4723 luzum
1047 4686 1154 4732 ΟΜ).
1186 4686 1265 4721 ἰαί.
1293 4684 1334 4731 l,
1359 4686 1400 4723 3.
2513 4684 2563 4721 43
