3738 5268
897 809 1459 913 IORDANI
1557 810 1925 913 BRVN
1928 811 1981 913 I
2082 810 2584 914 NOLANI

771 1080 1712 1148 CONTEMPLATIONVM
1782 1083 1917 1148 EX
1983 1084 2335 1151 MINIMO
2406 1086 2715 1151 LIBER.

1525 1908 1830 1976 CAPVT
1901 1910 1957 1975 Ι.

983 2080 1053 2119 Ex
1074 2080 1173 2120 11100
1194 2079 1327 2119 unius
1351 2080 1561 2121 veritatis
1584 2081 1846 2131 multiplicus
1869 2082 2076 2121 veritatis
2097 2082 2255 2121 lumen
2273 2080 2474 2130 exsurgit
2494 2108 2505 2131 ,

510 2142 553 2205 ὃ
1179 2154 1297 2193 sicut
1319 2164 1410 2193 uno
1433 2154 1490 2194 ab
1514 2154 1710 2193 absurdo
1734 2155 1937 2203 plurima
1957 2153 2312 2204 consequuntur.

777 2320 1042 2387 Effluus
1079 2329 1158 2387 ut
1195 2322 1404 2387 semel
1441 2344 1768 2388 accensus
1804 2321 2018 2387 micat
2054 2322 2237 2408 ignis
2275 2322 2363 2387 ab
2404 2344 2544 2388 uno

600 2437 931 2525 Corpore,
971 2461 1131 2503 mox
1161 2439 1472 2503 volucres
1504 2438 1817 2504 flammas
1851 2460 1978 2524 per
2013 2437 2201 2503 mille
2236 2444 2580 2525 propagat

602 2554 884 2619 Semina
918 2553 1273 2642 perfacile,
1315 2562 1385 2619 et
1421 2555 1741 2620 tenebras
1776 2554 2148 2642 populator
2184 2553 2467 2619 inerteis

600 2671 915 2755 Excutit,
954 2670 1137 2736 haud
1174 2672 1401 2755 aliter,
1440 2678 1702 2759 puncto
1740 2670 1799 2736 si
1837 2670 2114 2736 fulserit
2159 2692 2298 2736 uno

473 2784 557 2848 10
604 2786 850 2852 Sobria
883 2809 1099 2870 menS,
1140 2788 1397 2874 raptim
1434 2795 1582 2852 toto
1621 2786 1914 2852 rationis
1952 2786 2236 2854 horizon

601 2901 928 2989 Concipit
967 2925 1003 2967 e
1038 2903 1302 2989 gremio
1338 2903 1687 2969 radiantia
1725 2903 2009 2970 lumina.
2052 2903 2279 2981 Quare

602 3019 958 3106 Principio
996 3018 1270 3083 minimi
1308 3020 1582 3104 quando
1621 3025 1725 3085 est
1762 3019 2023 3085 clarata
2068 3026 2378 3106 potestas

602 3134 834 3221 Atque
873 3134 1066 3218 ordo,
1107 3157 1243 3219 quo
1281 3157 1353 3199 se
1388 3134 1697 3200 adnectit
1735 3134 2072 3201 conflator
2109 3157 2344 3200 eorum

607 3251 795 3328 Quae
826 3251 1019 3336 largo
1060 3259 1309 3316 natura
1345 3250 1516 3315 facit
1555 3251 1745 3316 cultu
1782 3273 2030 3335 arsque
2068 3250 2405 3337 repingit,

475 3365 557 3428 15
604 3367 826 3433 Millia
863 3373 1271 3432 succurrunt
1305 3390 1464 3433 mox
1501 3367 1951 3454 concipienda
1991 3366 2221 3452 sagaci

605 3483 924 3569 Ingeni03
967 3483 1239 3549 obiectu
1278 3484 1469 3549 velut
1503 3506 1645 3549 uno
1693 3491 1980 3571 exposta
2017 3483 2346 3571 priusque

607 3598 976 3664 Stellarum
1015 3598 1411 3664 innumeras
1451 3599 1621 3664 citat
1659 3600 2007 3686 Hesperus
2045 3605 2199 3663 acta
2233 3597 2562 3663 cohortes.

605 3715 791 3800 Ergo
828 3715 1199 3801 praecipua
1235 3715 1273 3780 6
1311 3715 1580 3780 cunctis
1613 3722 1963 3780 momenta
2002 3736 2300 3800 capesse,

605 3831 855 3896 Inclite
891 3830 1078 3914 Dux,
1119 3830 1269 3917 ipso
1308 3829 1479 3895 mihi
1517 3852 1652 3915 quo
1685 3852 1828 3895 sese
1866 3829 2108 3895 ordine
2147 3851 2376 3895 coram

2759 523 2873 583 187

2840 3394 2888 3430 10

471 3944 561 4008 20
604 3946 1218 4013 Commemoranda
1257 3946 1540 4012 dabunt.
1565 3946 2013 4032 Primumque
2047 3969 2129 4012 ex
2159 3945 2478 4013 omnibus
2498 3944 2627 4010 hoc
2656 3951 2778 4008 est.
2838 3973 2886 4010 15

766 4203 902 4264 Una
953 4203 1235 4279 materia,
1292 4223 1410 4262 una
1472 4200 1693 4277 forma,
1753 4219 1937 4260 unum
1993 4198 2289 4259 efficiens.
2343 4196 2419 4256 In
2472 4195 2635 4254 omni
2690 4194 2874 4271 serie,

606 4321 799 4399 scala,
840 4322 1125 4399 analogia
1157 4320 1235 4381 ab
1269 4340 1386 4380 uno
1429 4318 1862 4398 proficiscitur,
1906 4318 1970 4378 in
2013 4336 2131 4376 11110
2166 4314 2449 4376 consistit
2483 4321 2547 4374 et
2586 4312 2665 4373 ad
2700 4333 2879 4372 unum

1011 4478 1096 4484 m
1149 4479 1254 4486 j——ffff

792 4568 851 4616 13
885 4565 1171 4627 adnectit,
1203 4564 1485 4614 conflator
1613 4564 1673 4613 17
1706 4562 1866 4629 citat]
1896 4563 2068 4613 etitat
2193 4563 2256 4611 22
2290 4563 2493 4612 Schala

2938 3731 3019 3793 p.
3046 3717 3186 3780 55
