3738 5268
849 492 970 549 298
1438 503 1718 548 ιοΒυΛΝι
1763 502 1969 548 anm
2011 503 2101 546 ms:
2141 503 2413 564 mmmm,
2457 502 2543 546 iv,

1840 836 2156 880 ORONTEs

851 1069 1154 1136 Palladis
1193 1069 1268 1134 in
1305 1067 1563 1155 templo
1601 1065 2023 1152 triquetrum
2061 1064 2145 1129 de
2181 1063 2496 1150 pluribus
2534 1086 2751 1129 unum

850 1185 1133 1273 Aspice,
1177 1183 1586 1250 Amaltheae
1626 1204 1759 1268 quo
1798 1189 1868 1247 et
1905 1182 2081 1247 Loto
2120 1187 2189 1246 et
2225 1181 2530 1246 nectitur
2566 1181 2674 1265 Ic,
3091 1208 3144 1249 ss

852 1303 1119 1388 Nempe
1157 1300 1246 1366 ad
1282 1298 1723 1364 Amaltheam
1760 1298 1944 1363 latus
1981 1297 2110 1362 hoc
2148 1319 2283 1382 quo
2322 1296 2568 1363 defluit
2605 1297 2682 1362 Io

765 1414 806 1478 ὃ
852 1418 944 1482 Et
980 1416 1247 1503 pariter
1284 1416 1467 1480 latus
1506 1413 1594 1479 ad
1630 1414 1858 1479 Loton
1899 1434 2032 1498 quo
2072 1412 2314 1479 defluit
2351 1414 2429 1478 Io

852 1533 1288 1610 Quadratum
1324 1531 1663 1618 praebent
1698 1531 2085 1617 geminum,
2125 1531 2237 1597 cui
2272 1553 2401 1618 par
2439 1529 2646 1596 datur
2684 1553 2900 1597 unum
3024 1565 3033 1576 ·

855 1650 1208 1728 Quantum
1247 1649 1333 1714 ab
1373 1647 1743 1714 Amalthea
1783 1646 1871 1713 ad
1908 1646 2137 1712 Loton
2176 1647 2523 1733 reliquum
2559 1647 2742 1740 latus
2782 1645 3010 1728 offert,

855 1765 1054 1843 Quod
1092 1765 1350 1830 similes
1390 1770 1686 1850 quatuor
1723 1770 1955 1850 partes
1996 1762 2210 1849 capit,
2250 1785 2287 1829 e
2326 1761 2578 1847 quibus
2616 1761 2739 1826 illa
3094 1790 3149 1827 uo

852 1881 1145 1967 Singula
1184 1879 1686 1967 comprendunt
1723 1878 2063 1965 geminaS,
2102 1877 2306 1943 facile
2343 1876 2416 1942 id
2452 1876 3009 1963 triquetrumque

723 2004 806 2065 10
853 1995 1053 2073 Quod
1090 1996 1210 2061 dat
1248 1995 1615 2060 Amalthea
1654 2001 1723 2060 et
1763 1993 1934 2081 Spes
1972 1993 2565 2081 Euphrosyneque
2603 1999 2934 2079 reportat.

854 2111 1148 2177 Consule
1185 2134 1309 2198 pro
1347 2112 1498 2177 luce
1535 2111 1664 2177 hac
1702 2110 2062 2197 Pyladem,
2104 2111 2163 2176 si
2200 2110 2335 2195 vis,
2378 2116 2447 2175 et
2484 2110 2885 2197 Amyntam.
3164 2092 3462 2170 p.15·7

1916 2388 2099 2432 PARS.

856 2611 954 2676 At
992 2611 1051 2676 si
1090 2632 1529 2677 concrescens
1569 2611 1762 2677 venit
1801 2613 2095 2699 angulus
2132 2611 2286 2680 heic
2323 2613 2444 2679 ubi
2484 2613 2710 2683 Loton

858 2728 1046 2793 Hinc
1080 2728 1159 2793 Io
1198 2734 1301 2793 est
1337 2735 1633 2814 tangens
1673 2728 1868 2794 illinc
1907 2729 2368 2814 Rhamnusia,
2405 2738 2476 2796 et
2514 2731 2705 2820 ipsae
3096 2764 3148 2805 ot,

731 2845 812 2912 15
858 2844 1283 2930 Iunguntur,
1325 2844 1543 2910 maior
1580 2846 1757 2913 ratio
1794 2847 1998 2912 lateri
2037 2846 2274 2913 addita
2315 2871 2568 2935 magno
2602 2855 2722 2915 est.

860 2960 1118 3026 Contra
1156 2961 1277 3027 ubi
1316 2961 1710 3028 decrescens
1750 2963 1947 3028 venit
1986 2965 2283 3049 angulus
2321 2964 2474 3029 heic
2512 2966 2632 3031 ubi
2673 2965 2835 3053 Spei

861 3077 964 3142 Ac
1003 3099 1232 3142 secum
1271 3077 1546 3143 iunctae
1584 3084 1653 3143 et
1690 3079 1920 3144 Hebes
1960 3086 2312 3166 spectatur
2351 3087 2420 3145 et
2458 3081 2564 3164 Ic,

861 3192 1198 3280 Apprime
1236 3193 1550 3259 ostendet
1588 3193 2013 3280 designando
2054 3194 2287 3260 omnia
2318 3195 2524 3261 Iason

865 3307 1246 3392 Tamquam
1287 3309 1370 3374 de
1407 3309 1658 3396 primO,
1702 3316 1775 3375 at
1813 3310 2038 3377 medio
2077 3311 2398 3398 propiore
2437 3312 2840 3399 Melampus.
3076 3342 3153 3381 100

733 3549 822 3610 20
1836 3575 2181 3621 Ravcmvs

870 3793 1177 3879 Erigone
1217 3800 1588 3880 postquam
1626 3794 1977 3859 Fortunae
2016 3802 2119 3860 est
2158 3794 2424 3881 iuncta,
2466 3803 2534 3862 et
2572 3797 2660 3863 ad
2700 3799 2918 3864 altum

871 3910 1273 3997 Neptunum
1312 3909 1591 3974 semitas
1631 3909 2053 3997 copularint,
2095 3912 2359 3976 Musica
2398 3913 2675 3997 quando

872 4026 1120 4091 Iuncta
1158 4032 1262 4090 est
1299 4026 1606 4091 Naturae
1646 4026 2017 4111 ambasque
2056 4027 2502 4114 Indulgentia
2540 4030 2798 4116 tangit3

875 4141 1313 4228 Propositum
1352 4141 1724 4207 ostendunt
1760 4143 2062 4230 primum
2100 4152 2179 4209 ut
2215 4145 2438 4209 finitio
2477 4155 2702 4210 rectae

741 4259 827 4322 25
875 4257 1193 4344 Cuspidis
1230 4258 1516 4323 accessit
1553 4268 2072 4345 monstrataque
2111 4262 2444 4327 dimetrus
2484 4286 2644 4327 esse.
3083 4293 3156 4332 ιω

1064 4528 1122 4579 21
1159 4528 1427 4594 Erygouo
