3738 5268
1363 547 1452 591 nn
1491 548 1715 594 mmm
1757 548 2172 597 mmmmm.
2799 534 2915 594 173

625 708 740 775 tet;
773 707 870 760 est
898 707 961 761 et
994 699 1327 779 hypothesi
1356 721 1465 763 seu
1497 705 1919 783 suppositione
1946 713 2355 784 respectuque
2378 703 2704 782 minimum,
2738 705 2901 781 quod

626 836 737 894 pro
792 816 1204 878 subiectorum
1255 827 1318 879 et
1360 819 1498 880 finis
1539 819 1839 882 varietate
1888 822 2123 883 varium
2173 821 2582 882 constituitur.
2618 821 2904 883 Positive

603 943 832 996 ‘autem
883 937 1121 997 varium
1171 939 1262 998 sic
1313 939 1624 1000 minimum
1677 940 2078 1019 constituere,
2135 940 2385 1001 nonita
2440 940 2557 999 arti
2615 946 2712 1000 est
2768 960 2914 1018 pro-

627 1056 863 1133 prium,
898 1064 968 1117 ut
1001 1056 1085 1118 sit
1142 1058 1326 1118 etiam
1366 1068 1622 1119 naturae
1662 1058 1862 1119 minus
1915 1066 2411 1137 consentaneum,
2474 1079 2626 1136 quae
2679 1059 2742 1118 in
2791 1057 2914 1119 sin·

542 1166 584 1230 5
630 1172 792 1249 gulis
845 1173 1186 1251 specierum
1241 1174 1556 1251 proprium
1616 1175 1942 1235 maximum
1994 1183 2176 1253 atque
2238 1175 2547 1236 minimum
2614 1173 2913 1236 definivit.

631 1285 801 1348 Sicut
834 1297 932 1349 est
965 1309 1272 1366 mensura,
1310 1312 1491 1368 quam
1532 1290 1795 1352 hominis
1829 1292 2185 1369 magnitudo
2236 1313 2561 1370 numquam
2615 1292 2911 1368 excessit;

630 1412 693 1466 et
726 1411 824 1466 est
858 1405 1112 1467 definita
1141 1408 1433 1468 materiae
1463 1410 1798 1487 quantitaS,
1843 1408 2005 1470 infra
2049 1428 2231 1485 quam
2264 1409 2528 1469 hominis
2564 1410 2760 1470 forma
2792 1429 2914 1467 non

631 1521 927 1584 salvatur.

789 1646 823 1693 Ἰῐ
868 1642 960 1702 16.
1002 1641 1124 1702 Hic
1156 1641 1444 1703 definitur
1497 1652 1566 1704 ut
1614 1644 1926 1703 minimum
1976 1643 2322 1721 attingatur
2375 1665 2411 1703 a
2472 1643 2747 1719 minim0,
2798 1660 2919 1701 non

503 1760 588 1822 10
631 1768 836 1821 autem
870 1762 1168 1823 terminus
1202 1781 1239 1820 a
1268 1763 1553 1842 termino,
1588 1764 1806 1841 quibus
1841 1764 2081 1825 duobus
2115 1764 2379 1842 signatis
2410 1770 2536 1824 tum
2566 1763 2642 1825 de
2669 1770 2913 1843 puncto,

632 1884 757 1937 tum
783 1877 860 1937 de
883 1886 1086 1939 atomo
1120 1879 1572 1957 distinguentes
1603 1902 1724 1942 non
1755 1880 2205 1959 confundimur;
2246 1889 2535 1962 punctum
2558 1881 2733 1958 enim,
2759 1879 2918 1957 quod

633 2002 731 2054 est
765 1995 1104 2075 minimum,
1143 1997 1423 2058 additum
1461 1998 1639 2059 alteri
1676 2008 1926 2078 punct0,
1964 2000 2127 2075 quod
2165 2007 2229 2060 et
2259 1998 2571 2059 minimum
2607 2003 2728 2076 est,
2768 2016 2921 2056 com-

633 2113 904 2189 positum
936 2113 999 2173 in
1034 2113 1154 2174 duo
1189 2123 1418 2191 puncta
1460 2114 1819 2177 dissolubile
1862 2117 2201 2178 constituit.
2256 2118 2529 2176 Punctus
2586 2133 2760 2192 ver0,
2816 2113 2919 2190 qui

634 2240 731 2291 est
771 2230 1071 2291 terminus
1115 2251 1223 2291 seu
1277 2231 1418 2293 finis
1471 2232 1897 2310 magnitudini,
1935 2252 2259 2310 numquam
2302 2252 2436 2292 cum
2479 2230 2599 2291 alio
2643 2228 2905 2291 termino

505 2347 586 2409 15
635 2355 942 2424 tamquam
977 2367 1123 2426 pars
1158 2368 1290 2408 cum
1331 2357 1506 2427 parte
1547 2349 1951 2427 componitur,
2008 2349 2118 2409 sed
2160 2357 2258 2410 est
2307 2369 2425 2426 quo
2480 2367 2624 2426 pars
2660 2353 2898 2426 partem

635 2466 887 2543 attingit
918 2465 1246 2526 interdum.

795 2591 829 2639 'u
870 2584 965 2642 22.
1007 2581 1274 2643 Diversa
1305 2589 1447 2642 sunt
1486 2582 1714 2643 minimi
1767 2603 2019 2662 genera3
2076 2585 2178 2645 hic
2229 2585 2387 2645 enim
2444 2591 2543 2645 est
2593 2583 2904 2644 minimum

637 2698 924 2777 solidum,
963 2698 1125 2776 quod
1177 2704 1443 2758 atomum
1496 2718 1834 2779 corpusque
1867 2699 2261 2779 primordiale
2297 2709 2431 2776 est,
2476 2709 2539 2762 et
2582 2709 2680 2762 est
2740 2700 2913 2760 mini-

634 2836 793 2875 mum
850 2815 1126 2893 planum,
1182 2814 1345 2892 quod
1399 2822 1497 2875 est
1555 2823 1871 2894 punctum,
1909 2837 2025 2892 quo
2076 2817 2213 2896 (pro
2267 2816 2500 2894 figurae
2549 2816 2902 2877 conditione

502 2929 591 2992 20
635 2932 986 3012 multiplici)
1030 2954 1211 2992 unum
1245 2933 1556 2993 minimum
1592 2953 1811 3009 corpus
1846 2953 1882 2992 a
1913 2933 2190 3012 pluribus
2229 2933 2497 2995 minimis
2551 2933 2913 3012 corporibus

635 3050 978 3129 attingitur.
1016 3050 1187 3111 Sicut
1220 3051 1379 3111 enim
1416 3051 1677 3111 circulus
1709 3071 1968 3128 magnus
2008 3051 2070 3110 in
2113 3050 2295 3130 plano
2342 3052 2683 3127 quicunque
2728 3071 2765 3110 a
2804 3070 2914 3111 sex

635 3166 992 3245 aequalibus
1027 3167 1270 3228 circulis
1313 3168 1631 3228 dumtaxat
1670 3166 2027 3245 attingitur,
2066 3167 2154 3227 ita
2187 3176 2249 3228 et
2282 3168 2561 3228 minimus
2596 3189 2632 3228 a
2666 3188 2776 3229 sex
2811 3167 2921 3226 mi·

634 3283 819 3345 nimis
851 3283 1231 3344 solummodo
1267 3283 1656 3360 contingatur
1691 3291 1952 3361 oportet.
1997 3283 2098 3344 Sic
2137 3284 2214 3344 de
2244 3292 2445 3345 atomo
2492 3303 2748 3361 corpore
2803 3304 2916 3344 suo

642 3401 823 3462 modo
859 3402 935 3461 ab
979 3400 1200 3462 atomis
1233 3399 1590 3479 corporibus
1624 3399 1986 3476 attingendo
2018 3399 2339 3460 iudicabis,

502 3517 587 3582 25
795 3532 829 3580 *H
870 3523 965 3581 28.
1006 3521 1335 3582 Diversum
1380 3539 1619 3596 quoque
1660 3518 1942 3596 analogia
1984 3517 2244 3595 quadam
2295 3523 2478 3595 atque
2535 3518 2748 3579 ordine
2803 3519 2918 3578 mi-

637 3638 863 3698 nimum
898 3638 1037 3698 aliis
1073 3648 1169 3699 est
1203 3645 1386 3714 atque
1419 3637 1577 3697 aliis.
1624 3635 1803 3707 Quod
1849 3635 2007 3695 enim
2051 3656 2335 3712 magnum
2383 3644 2564 3712 atque
2613 3637 2916 3714 composi-

637 3763 764 3814 tum
807 3762 904 3814 est
946 3755 1078 3831 uni,
1116 3756 1193 3814 ab
1229 3754 1348 3814 alio
1382 3773 1504 3813 non
1546 3761 1775 3813 temere
1830 3753 2023 3814 veluti
2065 3754 2322 3833 primum
2377 3761 2559 3831 atque
2601 3753 2914 3814 minimum

635 3871 955 3950 accipitur3
1001 3881 1070 3932 ut
1111 3891 1314 3933 rerum
1355 3871 1720 3931 naturalium
1770 3871 1965 3948 prima
2016 3871 2315 3950 principia
2362 3871 2462 3932 vel
2518 3872 2772 3932 aliarum
2830 3871 2914 3931 fa-

638 3988 932 4048 cultatum
984 3988 1318 4067 primordia
1365 3989 1441 4049 ab
1483 3989 1582 4048 his
1624 3987 1868 4064 quidem
1911 3988 2141 4066 priora,
2200 3989 2275 4047 ab
2333 3988 2455 4049 illis
2511 4009 2657 4049 vero
2711 3999 2915 4068 poste-

503 4116 592 4179 30
635 4107 826 4184 riora,
859 4115 926 4166 ut
959 4126 1113 4183 quae
1147 4107 1251 4166 uni
1283 4117 1427 4167 sunt
1480 4105 1845 4186 principiata
1898 4115 2080 4183 atque
2125 4105 2565 4184 dependentia,
2620 4107 2759 4166 aliis
2793 4107 2918 4166 sint

634 4224 855 4283 fontes·
893 4223 1099 4298 Atque
1141 4242 1258 4281 non
1300 4242 1622 4302 perperam
1659 4244 1768 4302 pro
1826 4221 2358 4301 contemplationis
2408 4230 2590 4300 atque
2644 4223 2914 4283 methodi

634 4339 936 4401 varietate
991 4339 1190 4419 prima
1230 4340 1629 4418 Pythagorae
1670 4361 1874 4401 rerum
1909 4339 2209 4419 principia
2258 4347 2399 4401 sunt
2454 4361 2666 4401 monas
2732 4348 2914 4418 atque

633 4458 898 4534 numeri,
931 4457 1177 4518 Platoni
1212 4459 1423 4538 atomi,
1455 4459 1654 4520 lineae
1691 4468 1754 4520 et
1793 4457 2179 4538 superficies,
2215 4459 2575 4537 Empedocli
2612 4460 2910 4542 quatulor
2955 4469 3041 4530 p-
3070 4457 3213 4522 42

633 4577 935 4656 simplicia
970 4597 1254 4657 corpora,
1294 4578 1529 4640 medico
1567 4579 1706 4640 huic
1738 4587 1998 4657 quatuor
2032 4580 2334 4653 humoreS,
2370 4579 2461 4639 illi
2498 4600 2632 4641 cum
2666 4581 2807 4659 igne
2842 4602 2915 4643 ea
