3738 5268
855 481 969 539 176
1463 493 1744 540 mmmm
1785 496 1990 540 anm
2031 495 2119 539 DE
2158 495 2427 558 ummo,
2472 497 2512 540 1.

849 650 1333 736 Perpetuoque
1371 650 1554 715 inter
1587 649 1875 716 minima
1914 656 2105 716 extat
2143 651 2482 717 terminus
2522 674 2729 737 UDUS,

850 767 1286 855 Principium
1325 768 1528 833 istius
1565 768 1786 855 partis
1824 767 2121 855 finisque
2158 769 2526 855 sequentis.

851 882 1039 947 Hinc
1077 889 1179 948 est
1221 883 1403 969 quod
1440 884 1725 970 plenum
1758 892 1827 949 et
1863 907 2162 951 vacuum
2201 885 2433 952 dixere
2470 886 2733 973 priores
3082 916 3135 955 40

848 998 1199 1065 Continuo
1242 999 1315 1064 in
1355 1022 1788 1086 quocumque
1826 1000 2015 1087 dari,
2049 1025 2176 1067 nec
2206 1024 2348 1068 non
2387 1008 2777 1070 atomorum

760 1113 801 1177 5
848 1115 1155 1202 Corpora
1194 1139 1530 1182 concursu
1569 1139 1727 1183 cum
1765 1117 1907 1183 sint
1947 1118 2360 1204 sphaeralia,
2400 1142 2666 1206 semper

848 1230 1113 1296 Iniecto
1150 1253 1366 1297 vacuo
1406 1232 1856 1319 attinguntur
1894 1234 2349 1301 dissoluenda.

848 1347 946 1411 At
979 1348 1178 1413 nobis
1219 1349 1483 1417 aridam
1521 1357 1774 1416 natura
1812 1350 2142 1416 humente
2170 1351 2351 1417 coire

848 1465 1326 1552 Perspicuum,
1363 1473 1434 1533 et
1472 1466 1673 1533 vacui
1705 1490 1845 1534 non
1884 1491 2028 1534 esse
2066 1474 2145 1534 ut
2183 1490 2469 1555 corpora
2508 1474 2761 1534 nectat.
3076 1495 3130 1534 -25

1012 1668 1064 1727 1.
1109 1668 1230 1727 Tot
1264 1675 1407 1728 sunt
1447 1668 1681 1728 minimi
1727 1687 1956 1746 genera
1997 1678 2145 1745 quot
2199 1677 2261 1730 et
2313 1690 2516 1730 rerum
2560 1670 2621 1729 in
2676 1689 2959 1746 numer0,
3006 1690 3129 1729 mo-

723 1783 807 1846 10
853 1791 1056 1844 mento
1097 1793 1161 1845 et
1205 1805 1561 1863 quacunque
1607 1787 2007 1865 amplitudine
2046 1788 2505 1849 consistentium
2555 1796 2652 1848 est
2693 1788 2975 1848 minimus
3010 1795 3132 1848 ter-

850 1897 1075 1977 minuS,
1116 1900 1426 1962 minimum
1461 1903 1732 1981 planum,
1771 1903 2055 1963 minimus
2091 1906 2376 1982 angulus,
2414 1924 2663 1984 corpuS,
2720 1904 2909 1983 rati0,
2944 1903 3136 1964 scien-

849 2014 965 2093 tia,
1002 2036 1247 2095 sensim,
1279 2039 1566 2080 numerus
1610 2029 1673 2081 et
1706 2022 1842 2081 alia.
1883 2021 2036 2081 Sunt
2070 2030 2132 2081 et
2175 2023 2288 2082 sub
2318 2021 2535 2081 eodem
2579 2021 2819 2081 nomine
2854 2020 3127 2096 minima,

851 2153 1007 2209 quae
1043 2134 1321 2196 diversas
1357 2138 1588 2199 habent
1621 2139 2128 2219 signi‘flcationeS,
2170 2148 2240 2199 ut
2282 2148 2572 2220 punctus,
2635 2147 2903 2214 atomus,
2940 2138 3129 2214 linea,

851 2251 1125 2331 planum,
1161 2274 1315 2331 quae
1356 2276 1516 2316 nunc
1569 2265 1810 2336 partem
1861 2258 2168 2319 minimam
2223 2257 2416 2337 longi,
2462 2257 2572 2317 lati
2626 2264 2689 2317 et
2723 2254 2932 2332 solidi,
2970 2273 3130 2313 nunc

720 2363 802 2428 15
849 2367 1168 2428 terminum
1205 2372 1568 2449 significant.

1013 2508 1046 2555 ‘n
1091 2488 1240 2549 Cum
1273 2510 1347 2551 ex
1381 2492 1595 2571 primis
1633 2496 1912 2573 partibus
1941 2496 2281 2557 consistant
2317 2496 2515 2555 omnia
2550 2514 2706 2571 quae
2742 2516 2817 2556 ex
2848 2494 3130 2572 partibus

859 2619 1340 2692 componuntur,
1378 2615 1653 2693 sequitur
1684 2637 1804 2677 non
1843 2637 1918 2678 ex
1946 2626 2121 2697 parte
2156 2615 2272 2695 rei,
2314 2614 2422 2677 sed
2468 2637 2542 2677 ex
2582 2615 2833 2676 arbitrio
2867 2622 2930 2676 et
2964 2612 3134 2675 insti·

855 2737 986 2793 tuto
1022 2733 1325 2814 accidere,
1362 2743 1429 2796 ut
1464 2736 1628 2797 idem
1682 2744 1972 2814 quantum
2014 2738 2247 2818 pariter
2298 2737 2734 2816 impariterque
2789 2735 3129 2811 dividatur3

856 2852 1062 2932 aliter,
1099 2854 1367 2932 inquam,
1406 2876 1584 2932 quam
1620 2855 1873 2917 definita
1904 2857 2139 2917 numeri
2168 2855 2408 2934 species
2445 2855 2758 2917 dividitur.

718 2971 808 3035 20
1013 2976 1047 3023 ‘H
1087 2974 1181 3032 40.
1224 2971 1477 3034 Minima
1507 2981 1807 3051 quatenus
1838 2982 1979 3035 sunt
2008 2974 2281 3053 unibilia,
2321 2972 2735 3050 segregabilia
2763 2971 2947 3032 etiam
2968 2976 3131 3047 sunt,

848 3112 965 3150 non
991 3111 1058 3152 se
1081 3100 1420 3171 penetrant,
1441 3114 1561 3156 non
1581 3071 1933 3173 miscentur,
1961 3094 2069 3155 sed
2094 3114 2161 3155 se
2184 3095 2494 3170 attingunt
2515 3101 2767 3170 tanturn,
2793 3092 2953 3152 unde
2976 3091 3130 3152 nihil

851 3216 948 3270 est
980 3210 1241 3270 solidum
1265 3231 1485 3290 corpus
1507 3220 1754 3291 praeter
1777 3231 1865 3290 ea,
1894 3220 1956 3272 et
1988 3213 2126 3272 ideo
2165 3212 2364 3272 omnia
2399 3219 2643 3289 praeter
2680 3231 2753 3271 ea
2781 3210 3130 3270 dissolvun-

850 3337 965 3403 tur,
996 3351 1248 3407 quorum
1284 3351 1403 3390 non
1437 3331 1633 3392 minus
1669 3332 1962 3409 possibile
2000 3339 2097 3391 est
2131 3330 2484 3407 divortium,
2515 3350 2693 3408 quam
2725 3330 3124 3390 consortium:

851 3450 1011 3525 quod
1052 3450 1104 3510 si
1147 3450 1235 3510 ita
1269 3458 1402 3528 est,
1433 3470 1554 3510 non
1597 3471 1715 3510 uno
1752 3450 2081 3528 communi,
2120 3450 2226 3511 sed
2265 3451 2502 3511 duobus
2544 3449 2811 3529 propriis
2851 3447 3128 3510 terminis

721 3563 808 3628 25
855 3568 1262 3645 attinguntur,
1307 3588 1459 3644 quos
1494 3568 1654 3628 inter
1689 3568 1842 3628 duos
1875 3569 2167 3630 terminos
2203 3578 2298 3629 est
2331 3569 2391 3627 in
2430 3588 2545 3644 quo
2579 3565 2652 3628 fit
2687 3573 3033 3642 contactus,
3067 3573 3130 3626 et

853 3687 995 3748 inde
1029 3687 1381 3747 Democrito
1424 3694 1521 3748 est
1552 3707 1808 3748 vacuum
1842 3689 2226 3749 interiectum
2262 3689 2637 3767 corporibus.
2675 3689 2759 3748 Et
2792 3688 2932 3765 quia
2961 3686 3137 3745 mini—

854 3828 1013 3867 mum
1050 3828 1086 3866 a
1119 3807 1412 3884 minimis,
1448 3828 1566 3868 non
1606 3809 1884 3868 omnibus
1914 3809 2176 3887 punctiS,
2227 3809 2336 3869 sed
2368 3817 2533 3869 certo
2578 3829 2827 3869 numero
2864 3806 3133 3868 definitis

854 3925 1203 4003 attingitur,
1244 3945 1619 4001 consequens
1650 3935 1768 4002 est,
1810 3935 1880 3986 ut
1927 3927 2087 3986 inter
2129 3926 2454 4005 sphaeram
2501 3933 2796 3986 attactam
2830 3933 2894 3985 et
2927 3925 3134 4004 plures

859 4044 1155 4122 sphaeras
1191 4045 1569 4120 attingentes
1606 4043 2007 4123 pyramidalis
2053 4043 2351 4120 quaedam
2392 4042 2621 4120 figurae
2677 4044 2886 4122 spacia
2940 4043 3132 4104 resul-

722 4162 810 4225 30
855 4170 1007 4238 tent,
1050 4162 1209 4223 sicut
1244 4163 1403 4221 inter
1437 4181 1546 4221 sex
1575 4161 1834 4222 circulos
1872 4163 2251 4237 attingentes
2286 4159 2572 4238 aequales
2609 4170 2670 4221 et
2701 4181 2884 4221 unum
2915 4181 3132 4237 aequa-

852 4285 971 4343 lem
1008 4291 1302 4344 attactum
1338 4285 1635 4361 triquetra
1671 4283 1969 4360 quaedam
1992 4302 2182 4342 vacua
2210 4280 2655 4360 rclinquuntur‚
2696 4290 2758 4341 et
2792 4280 3136 4342 huiusmodi

1049 4519 1108 4567 15
1143 4516 1520 4568 terminorum
1551 4515 1841 4579 significat
