3738 5268
825 494 945 552 268
1409 508 1688 554 mmmm
1729 507 1931 554 imvm
1975 507 2064 552 nn
2105 507 2374 568 ummo,
2421 502 2514 551 ιιι.

1672 899 1977 964 CAPVT
2042 899 2246 964 XIII.

1200 1099 1299 1145 Quo
1323 1098 1484 1139 ordino
1514 1102 1560 1138 ot
1585 1098 1746 1147 quibus
1770 1100 1967 1150 partium
1992 1098 2249 1139 nominibus
2272 1098 2466 1139 circulus
2491 1099 2738 1139 dividatur.

995 1334 1321 1400 Partibus
1358 1334 1471 1400 hic
1507 1335 1733 1421 primo
1772 1341 1876 1399 est
1914 1334 2248 1399 duodenis
2281 1334 2576 1399 circulus
2613 1342 2890 1417 extanS,

816 1450 986 1514 Pars
1021 1472 1332 1534 quaeque
1368 1449 1727 1515 ordinibus
1766 1450 2125 1529 duodenis,
2165 1450 2480 1535 atriaque
2517 1451 2685 1516 ordo

725 1568 766 1630 5
816 1564 1123 1631 Sortitur
1160 1565 1468 1631 totidem.
1508 1567 1963 1652 Totidemque
2003 1566 2258 1632 cubilia
2299 1566 2614 1652 quodque
3107 1592 3189 1653 p.
3223 1576 3426 1640 129

811 1683 1091 1748 Atrium
1131 1689 1199 1748 et
1237 1683 1558 1769 deinceps
1597 1683 1769 1749 serie
1804 1684 1934 1749 hac
1970 1707 2391 1769 numeroque
2429 1692 2813 1770 sequuntur

813 1798 906 1861 Et
943 1798 1161 1863 latera
1201 1804 1270 1862 et
1309 1799 1541 1885 spacia
1581 1806 1649 1865 et
1689 1801 1879 1865 sedes
1918 1809 1987 1865 et
2025 1801 2332 1866 membra
2364 1808 2433 1865 et
2472 1824 2709 1867 eorum

812 1914 1152 1997 Articuli3
1194 1937 1549 2000 nunquam
1588 1916 1759 1981 mihi
1797 1917 2323 2004 perturbabitur
2360 1917 2526 1982 ordo

810 2030 914 2094 Ac
951 2031 1310 2096 methodus
1349 2031 1699 2118 patefacta
1736 2034 1963 2098 semel.
2004 2034 2379 2099 Tabularia
2414 2035 2623 2099 turba
2680 2086 2685 2089 -

680 2146 766 2209 10
812 2148 1094 2232 Exulet,
1135 2158 1204 2214 et
1242 2150 1569 2235 triquetri
1611 2150 1990 2237 sphaeralis
2027 2150 2282 2216 inertia
2319 2153 2561 2217 multa.

811 2264 941 2330 His
976 2265 1234 2352 poteris
1276 2266 1604 2352 quicquid
1643 2268 1877 2352 cyclus
1916 2268 2349 2354 comprendit
2387 2273 2455 2333 et
2493 2291 2690 2333 arcus

812 2381 1074 2463 Metiri,
1114 2390 1194 2447 ut
1232 2384 1403 2447 recti
1441 2390 1508 2447 et
1549 2383 1742 2449 curvi
1775 2390 1878 2449 est
1916 2384 2114 2449 finita
2151 2391 2474 2471 potestas.
3024 2412 3078 2453 ιο

972 2610 1144 2674 Haeo
1178 2614 1443 2693 partium
1478 2614 1891 2677 denominatio
1929 2615 2214 2695 apposita
2248 2615 2443 2693 magis
2478 2621 2574 2675 est
2608 2614 2916 2693 omnibuS‚
2955 2615 3099 2677 alio-

807 2734 909 2810 qui
945 2754 1143 2811 neque
1178 2736 1375 2797 minus
1409 2756 1770 2814 congruens,

681 2949 760 3010 10
1203 2949 1336 2988 Scala
1365 2950 1693 2999 prom-usqiman
1722 2952 2007 3000 sexagenarii
2038 2952 2085 2990 {n
2113 2953 2315 3001 partibus
2345 2952 2404 2990 ad
2434 2951 2668 2991 minimum

1510 3022 1629 3061 {usta
1653 3023 1886 3071 vulgarem
1908 3024 2066 3062 circuli
2097 3023 2386 3062 divisionem.

1401 3201 2498 3254 604661760000000000

1409 3281 2439 3333 10077696000000000

1465 3361 2370 3414 167961600000000

1527 3442 2312 3494 2799360000000

1586 3523 2243 3575 46656000000

1646 3603 2179 3653 777600000

1646 3683 2118 3733 12960000

1702 3763 2051 3812 216000

1761 3841 1986 3890 3600

1829 3922 1926 3970 60

963 4163 995 4211 9
1028 4160 1296 4210 Tabulari
1326 4159 1358 4210 ὰ
1387 4161 1556 4210 turba.
1682 4161 1743 4209 15
1777 4162 1983 4212 Schnla

263 4895 664 5168 kf
785 4961 998 5090 “x
