3738 5268
822 522 942 581 274
1419 534 1700 581 mamm
1745 535 1951 579 imvm
1992 535 2080 579 nn
2121 533 2394 596 ummo,
2438 533 2524 577 iv,

824 690 1037 750 eodem
1078 698 1303 770 puncto
1346 690 1402 750 G
1452 710 1572 750 non
1624 690 1762 769 plus
1815 711 1994 766 quam
2041 698 2169 750 tres
2229 689 2511 749 diametri
2555 688 2668 748 AB
2722 688 2787 747 in
2836 686 3111 765 longum,

825 809 931 869 CD
966 809 1028 868 in
1063 810 1275 886 altum,
1323 809 1431 869 EF
1465 809 1527 868 in
1577 808 1946 889 profundum
1981 829 2047 870 se
2083 809 2559 869 intersecabunt.

985 929 1019 976 Ἐ
1060 928 1154 987 21.
1193 924 1362 986 Sicut
1396 926 1585 1004 igitur
1621 935 1873 986 naturae
1905 925 2053 985 ordo
2083 924 2353 1002 requirit,
2387 946 2422 984 a
2457 922 2970 1002 contemplatione
3005 921 3113 981 mi—

821 1043 966 1102 nimi
1001 1042 1081 1102 ad
1111 1043 1307 1103 lineae
1346 1043 1863 1122 progrediendum
1896 1052 1994 1103 est
2029 1041 2633 1121 contemplationem3
2668 1040 2805 1116 sed,
2836 1058 2947 1118 pro
2984 1045 3113 1098 tum

736 1156 776 1219 ὖ
820 1160 1013 1238 ipsius
1042 1168 1169 1219 tum
1205 1161 1465 1220 aliorum
1497 1181 1651 1237 quae
1683 1170 2125 1237 consequenter
2158 1167 2302 1219 sunt
2327 1159 2610 1218 habenda
2644 1157 2934 1234 deinceps
2969 1175 3113 1233 apo-

822 1277 1046 1337 dictica
1078 1278 1317 1337 ratione
1355 1277 1812 1354 consequenda,
1848 1276 2226 1339 sensibilium
2258 1276 2523 1335 omnium
2553 1274 2883 1335 formarum
2911 1273 3116 1333 arche·

821 1399 1006 1470 typos
1043 1403 1105 1453 et
1140 1394 1447 1454 elementa
1482 1394 1652 1472 prius
1688 1391 2035 1454 afferamus.

980 1512 1014 1559 ‘u
1055 1509 1419 1570 Intellectus
1487 1517 1712 1587 quanto
1769 1509 2049 1586 inferior,
2110 1516 2282 1568 tanto
2335 1509 2396 1566 in
2446 1507 2660 1567 maiori
2727 1504 3115 1565 multitudine

824 1628 1132 1703 consistit,
1170 1628 1395 1705 quippe
1439 1629 1542 1704 qui
1577 1649 1647 1688 eo
1678 1649 1713 1687 a
1748 1629 1943 1708 prima
1985 1628 2268 1705 monade,
2309 1635 2512 1688 mente
2548 1646 2859 1704 suprema,
2899 1643 3115 1685 versus

694 1743 778 1807 10
823 1745 1114 1804 materiae
1147 1746 1464 1822 regionem
1500 1746 1865 1823 degenerat3
1904 1767 2020 1806 una
2062 1746 2162 1806 vel
2208 1745 2403 1806 altera
2455 1746 2557 1804 vel
2608 1743 2854 1804 minime
2907 1741 3125 1802 multis=

827 1861 1100 1922 idearum
1133 1862 1392 1923 obiectis
1427 1871 1645 1922 natura
1681 1863 1890 1940 opifex
1930 1863 2259 1923 informata
2300 1861 2742 1922 innumerabile
2794 1870 2925 1921 tum
2978 1878 3117 1936 spe-

824 1977 1053 2039 cierum
1087 1979 1332 2039 illarum
1370 1980 1812 2058 compositione
1850 1982 2051 2057 varia,
2083 1987 2209 2040 tum
2246 2000 2356 2059 pro
2396 1980 2564 2040 varia
2593 1979 2885 2040 materiae
2921 1978 3120 2057 dispo-

825 2097 1045 2158 sitione
1083 2097 1227 2177 (nisi
1262 2099 1480 2158 horum
1516 2098 1778 2159 alterum
1812 2100 1890 2158 ab
1926 2098 2121 2158 altero
2148 2118 2284 2158 esse
2309 2099 2526 2157 melius
2555 2098 2894 2174 intelligas)
2927 2096 3120 2156 multa

825 2237 981 2294 quae
1023 2215 1304 2277 videmus
1334 2237 1535 2276 rerum
1566 2236 1788 2294 genera
1825 2216 2108 2295 explicat.
2152 2216 2275 2275 Ars
2317 2216 2539 2276 deinde
2577 2216 2653 2277 de
2688 2223 2858 2276 tanto
2896 2215 3118 2276 forma-

698 2331 780 2394 15
826 2353 962 2394 rum
988 2333 1358 2393 naturalium
1388 2352 1635 2393 numero
1661 2353 1840 2408 quam
1861 2333 2086 2393 multas
2108 2332 2523 2411 componendo
2554 2340 2735 2409 atque
2766 2332 3115 2412 dividendO,

826 2448 1247 2511 concernendo
1280 2451 1424 2509 item
1460 2458 1522 2510 et
1555 2449 1968 2512 abstrahendo
2003 2471 2180 2527 quam
2211 2451 2435 2511 multas
2458 2451 2663 2511 valeat
2698 2460 2824 2510 tum
2859 2451 3117 2529 referre,

827 2577 957 2629 tum
1002 2568 1081 2627 ad
1124 2577 1186 2627 et
1244 2575 1457 2627 contra
1509 2568 1727 2627 horum
1763 2567 2222 2629 similitudinem
2265 2568 2583 2647 effingere,
2629 2563 2762 2645 quis
2820 2568 3118 2629 definiet?

826 2688 1123 2745 Attamen
1159 2694 1221 2744 et
1257 2684 1409 2744 illud
1446 2686 1597 2744 artis
1635 2693 1761 2762 est,
1797 2691 1982 2746 utex
2019 2686 2027 2765 Ι
2065 2685 2382 2764 principiis
2412 2687 2597 2747 certis
2632 2694 2815 2762 atque
2851 2686 3119 2747 definitis
3142 2685 3441 2765 p.135

828 2802 906 2861 ad
942 2801 1262 2862 indefinita
1303 2803 1737 2877 consequentia
1778 2803 2172 2881 provehatur.
2218 2803 2292 2862 In
2336 2802 2733 2864 similitudine
2770 2823 2916 2879 ergo
2953 2814 3123 2862 natu·

696 2910 785 2973 20
829 2937 933 2978 rae
998 2938 1033 2977 a
1087 2917 1359 2989 definitis
1414 2918 1625 2996 paucis
1681 2917 2019 2995 iisdemque
2070 2919 2564 2980 foecundissimis
2608 2920 3119 2998 omnipromisque

829 3036 1102 3114 receptis
1146 3035 1467 3096 elementis
1496 3036 1573 3094 ad
1612 3056 1860 3115 operum
1900 3057 2353 3097 numerosorum
2385 3037 2657 3098 rationes
2686 3026 3041 3115 accingitur.

1746 3414 2049 3482 CAPVT
2123 3417 2215 3481 Π.

1121 3617 1189 3655 Dc
1213 3615 1522 3665 implicatione
1547 3614 1744 3653 omnium
1771 3617 1816 3653 ct
1839 3613 2141 3664 explicatione
2166 3615 2214 3652 {u
2235 3613 2389 3653 omnia
2412 3615 2548 3654 trium
2575 3614 2835 3665 figurarum.

1015 3824 1196 3889 Sunt
1236 3829 1373 3887 tres
1408 3822 1753 3909 principio
1793 3822 2182 3909 archetypi,
2226 3844 2517 3908 quarum
2555 3823 2630 3888 in
2667 3822 2844 3889 facie
2883 3824 3105 3889 omnis

703 3941 789 4003 25
836 3942 1170 4008 Momenti
1209 3963 1448 4006 norma
1488 3948 1590 4004 est
1628 3962 2125 4024 mensuraeque
2157 3946 2363 4024 atque
2403 3939 2681 4025 figurae.

838 4060 944 4123 Do
977 4058 1273 4145 primam
1311 4057 1615 4141 Phoebo,
1657 4056 2085 4142 quadratque
2124 4056 2419 4122 secunda
2458 4056 2839 4141 Minervae,

840 4174 1209 4259 Tertiaque
1248 4184 1349 4239 est
1389 4173 1703 4256 VeneriS,
1746 4173 2087 4258 siquidem
2119 4172 2613 4259 propriumque
2652 4173 2957 4259 sigillum

843 4293 1252 4377 Agnoscunt
1290 4290 1532 4355 harum
1569 4291 1644 4355 in
1682 4291 1882 4355 vultu
1921 4299 1989 4354 et
2028 4297 2283 4355 secreta
2321 4289 2686 4376 profundo.
3106 4320 3131 4358 ⁵

844 4407 1094 4491 Cyclus
1131 4406 1253 4470 ubi
1292 4405 1720 4490 quadruplex
1753 4405 2013 4490 triplici
2052 4426 2176 4490 pro
2211 4414 2391 4469 sorte
2432 4406 2671 4485 coibit,

1028 4582 1089 4633 16
1121 4582 1300 4632 multa
