3738 5268
1219 532 1478 578 com-EM
1489 532 1850 577 pannosus
1892 531 1978 576 Ex
2028 530 2292 575 nmmo.
2776 512 2888 569 211

610 682 780 766 pars,
818 708 972 765 quae
1016 696 1113 749 est
1158 696 1286 748 tum
1326 688 1758 748 mathematica
1790 688 1995 747 unitas
2039 685 2487 768 arithmetilco,
2526 694 2654 745 tum
2690 684 2892 761 logica
2938 696 3019 757 p·
3050 681 3191 743 75

606 804 1041 866 universaliter
1074 806 1269 883 dicta,
1298 813 1368 866 ut
1403 807 1798 881 grammatico
1829 812 2098 864 atomum
2127 810 2223 863 est
2251 802 2519 880 syllaba,
2559 802 2886 863 dialectico

611 919 823 998 dictio,
869 921 1271 983 versificatori
1315 942 1452 1000 pes;
1503 928 1566 982 et
1611 921 1877 982 secundo
1935 919 2203 980 continui
2246 938 2391 997 pars
2433 919 2657 1001 prima,
2699 930 2763 979 et
2805 920 2895 980 sic

610 1037 778 1097 iuxta
811 1039 1020 1116 plures
1057 1037 1326 1098 continui
1362 1039 1602 1116 species
1645 1044 1743 1097 est
1782 1037 2120 1115 multiplex.
2164 1036 2283 1096 Est
2324 1039 2483 1096 enim
2524 1046 2892 1096 momentum

523 1149 564 1212 5
610 1155 672 1213 in
714 1154 1114 1233 qualitatibus
1147 1154 1367 1215 activis
1410 1162 1472 1216 et
1517 1154 1782 1233 passivis
1828 1162 1892 1214 et
1941 1154 2200 1229 neutris;
2243 1161 2384 1214 sunt
2419 1154 2579 1214 enim
2613 1152 2751 1214 heic
2793 1152 2902 1211 mi-

611 1270 812 1330 nimus
855 1270 1053 1347 dolor,
1109 1271 1357 1330 minima
1398 1269 1656 1332 dulcedo
1672 1318 1686 1348 ,
1746 1270 2030 1331 minimus
2080 1269 2272 1348 color,
2331 1269 2577 1330 minima
2619 1269 2755 1346 lux,
2808 1269 2898 1329 ibi

613 1387 922 1449 minimum
952 1388 1346 1466 triangulum,
1376 1388 1688 1448 minimum
1725 1388 2051 1464 circulare,
2088 1386 2400 1448 minimum
2433 1394 2689 1461 rectum,
2732 1386 2899 1446 mini-

614 1525 775 1566 mum
809 1525 1089 1580 curvum3
1121 1512 1219 1565 est
1243 1504 1306 1564 in
1341 1504 1664 1565 duratione
1693 1506 1961 1582 instans,
1992 1504 2054 1563 in
2082 1505 2218 1564 loco
2248 1502 2559 1563 minimum
2595 1501 2895 1582 spacium,

613 1622 676 1682 in
718 1620 1100 1699 longitudine
1133 1631 1199 1682 et
1230 1621 1552 1683 latitudine
1588 1631 1906 1700 punctum,
1950 1622 2011 1681 in
2055 1640 2309 1699 corpore
2352 1620 2664 1680 minimum
2698 1620 2900 1698 ipsum

485 1739 570 1802 lO
615 1758 836 1819 corpus
866 1747 1046 1815 atque
1082 1740 1358 1817 primum.

776 1868 809 1914 ‘n
852 1857 974 1917 Tot
1006 1857 1389 1918 exstantibus
1415 1857 1604 1917 atomi
1632 1859 1961 1935 generibus
2003 1858 2500 1938 principibusque
2535 1859 2896 1937 speciebus,

619 1974 950 2035 secundum
991 1975 1220 2035 nullum
1263 1994 1458 2053 genus
1503 1976 1850 2052 nullamque
1898 1976 2166 2053 speciem
2208 1983 2473 2036 atomum
2518 1995 2659 2038 esse
2715 1995 2899 2055 posse

617 2090 1017 2170 corruptibile
1050 2091 1152 2151 vel
1185 2092 1442 2153 mortale
1457 2091 1578 2160 lvel
1615 2092 1990 2168 generabile;
2036 2091 2147 2153 sed
2187 2093 2404 2153 horum
2444 2091 2744 2169 quaedam
2781 2092 2902 2170 pri-

619 2210 811 2269 maria
843 2210 1221 2290 proprietate
1263 2219 1443 2287 atque
1486 2210 1935 2289 significatione
1978 2218 2121 2272 sunt
2163 2231 2373 2271 eorum
2427 2220 2582 2288 quae'
2623 2211 2778 2271 fiunt
2812 2231 2902 2271 ac-

490 2322 571 2385 15
619 2328 886 2387 cidentia
923 2336 1117 2403 certa3
1156 2335 1221 2389 et
1253 2349 1388 2390 cum
1422 2336 1588 2409 sunt,
1625 2350 1745 2390 non
1774 2338 1917 2390 sunt
1945 2349 2057 2410 per
2084 2330 2587 2408 compositionem
2622 2329 2904 2390 intrinse-

619 2466 765 2523 cam,
806 2454 872 2506 et
903 2466 1035 2506 cum
1071 2466 1190 2507 non
1226 2457 1391 2525 sunt,
1430 2448 1673 2509 minime
1702 2449 1949 2525 quidem
1990 2469 2101 2528 per
2128 2449 2291 2511 viam
2334 2450 2755 2511 dissolutionis
2792 2470 2902 2512 seu

619 2562 939 2626 divisionis
985 2586 1106 2625 non
1147 2574 1290 2627 sunt
1333 2566 1847 2648 (quandoquidem
1892 2589 2013 2629 non
2066 2577 2209 2631 sunt
2263 2570 2325 2630 in
2367 2570 2567 2647 aliquo
2623 2571 2900 2631 subiecto

616 2693 923 2760 tamquam
958 2686 1149 2765 pars),
1184 2696 1253 2745 ut
1287 2706 1407 2745 vox
1449 2693 1514 2746 et
1551 2687 1792 2764 species
1827 2687 2105 2749 visibilis
2144 2688 2412 2765 Ideoque
2446 2689 2615 2749 iuxta
2657 2689 2900 2749 modum

617 2801 1058 2862 accidentalem
1099 2801 1321 2862 dicitur
1364 2801 1440 2862 de
1473 2801 1599 2862 illis
1642 2822 1798 2863 nunc
1839 2804 2084 2879 quidem
2141 2824 2303 2879 esse,
2361 2825 2520 2865 nunc
2574 2825 2721 2866 vero
2779 2825 2899 2865 non

485 2909 575 2972 20
620 2934 781 2993 esse,
818 2918 959 2993 quia
994 2917 1284 2979 videlicet
1315 2939 1474 2979 nunc
1516 2928 1682 2998 sunt,
1726 2941 1885 2980 nunc
1927 2940 2073 2981 vero
2129 2942 2247 2980 non
2305 2929 2474 2997 sunt;
2529 2922 2905 3001 impropriis-

618 3037 770 3098 sime
803 3056 950 3098 vero
985 3038 1267 3115 generari
1311 3038 1662 3099 dicerentur
1716 3040 1811 3100 vel
1867 3039 2197 3119 corrumpi,
2250 3041 2412 3100 sicut
2459 3037 2640 3101 etiam
2699 3041 2896 3116 nasci,

615 3153 796 3231 mori,
834 3153 1170 3231 ambulare,
1210 3174 1483 3233 currere,
1513 3153 1704 3216 filare.
1751 3153 2065 3227 Quaedam
2120 3175 2266 3218 vero
2324 3157 2573 3235 proprie
2622 3155 2903 3217 intrinse-

619 3294 806 3351 caque
847 3281 1065 3333 natura
1098 3285 1372 3352 aeterna,
1410 3274 1796 3352 immortalia,
1848 3275 2370 3353 incomponibilia,
2417 3274 2897 3354 indissolubilia,

619 3391 884 3468 animae,
913 3391 1042 3469 Dii,
1078 3392 1275 3470 DeuS,
1305 3392 1382 3451 de
1412 3393 1630 3470 quibus
1660 3393 2002 3454 accuratius
2036 3393 2095 3453 in
2132 3393 2679 3471 Metaphysicis
2722 3401 2786 3454 et
2826 3396 2901 3454 iis

486 3503 573 3566 25
611 3527 765 3582 quae
799 3508 903 3567 De
957 3507 1216 3584 anima,
1246 3508 1378 3567 Deo
1415 3509 1591 3567 nobis
1621 3507 2057 3587 suppeditante
2087 3518 2347 3587 tempus,
2385 3530 2421 3569 a
2450 3509 2628 3570 nobis
2658 3509 2903 3570 definie-

618 3632 733 3684 tur.
772 3624 1063 3683 Attamen
1106 3643 1263 3682 nunc
1306 3624 1382 3684 de
1425 3623 1666 3684 futurus
1706 3625 1958 3684 incertis
1992 3625 2177 3684 liceat
2208 3625 2415 3702 paulo,
2456 3625 2534 3684 ad
2581 3625 2749 3685 illam
2786 3646 2903 3686 me-

620 3741 974 3802 ditationem
1014 3741 1089 3802 de
1125 3741 1624 3820 profundioribus
1658 3742 1921 3819 ingeniis
1958 3743 2477 3822 exsuscitandam,
2514 3765 2832 3823 evagasse.

810 3987 875 4034 272
908 3986 1245 4036 definiretur
1371 3991 1433 4039 26
1468 3985 1602 4052 loy-qi
1627 3989 1822 4038 futuro
1850 4005 2041 4038 ovi-ero
2065 3989 2281 4038 futuris
