3738 5268
847 520 968 579 270
1441 535 1715 579 mamm
1758 535 1961 579 anm
2004 536 2093 579 DE
2134 534 2412 595 ummo,
2452 533 2539 580 Ν.

850 692 1165 777 Namque
1201 692 1456 779 triplex
1492 699 1770 757 tantum
1805 692 2153 757 concurrit
2192 690 2526 756 dimetrus
2562 713 2780 756 unum
2808 762 2823 775 ‚
3085 717 3133 757 15

850 809 935 873 In
966 815 1332 896 punctum,
1374 815 1452 875 ut
1490 816 1718 875 rectus
1757 808 1889 874 siet
1924 808 2219 894 angulus
2258 808 2564 892 undique
2603 814 2946 872 constane.

596 2242 620 2267 ο
767 2246 778 2259 ·
860 2201 1057 2267 Adde
1094 2210 1174 2266 ut
1205 2202 1355 2289 ipsa
1388 2222 1652 2284 monae,
1691 2201 1839 2266 dias
1878 2208 1947 2266 et
1979 2199 2149 2266 trias
2182 2207 2251 2265 et
2288 2206 2503 2266 tetras
2543 2221 2745 2265 omne

857 2316 1290 2403 Principium
1327 2316 1656 2384 referunt.
1696 2318 1940 2383 Monas
1978 2325 2081 2383 est
2117 2340 2365 2404 nempe
2402 2315 2723 2381 omnibus
2757 2314 2828 2378 id
2867 2314 3050 2399 quod

771 2430 812 2492 5
858 2434 1342 2521 Praepositum
1374 2442 1477 2500 est
1506 2436 1829 2523 simplex,
1864 2437 1977 2503 cui
2013 2460 2140 2524 par
2169 2435 2473 2524 primum
2504 2435 2668 2500 hinc
2700 2433 2848 2499 dias
2887 2432 3145 2517 adstat,

862 2551 1049 2616 Hinc
1087 2551 1256 2617 trias
1295 2558 1398 2617 est
1435 2551 1663 2640 impar
1692 2554 2031 2642 primum,
2071 2553 2516 2640 sequiturque
2554 2550 2801 2621 deinde
3098 2577 3150 2617 20

861 2667 1335 2755 Compositum
1374 2692 1457 2734 ex
1494 2670 1647 2736 istis
1684 2670 1987 2736 referens
2021 2677 2252 2736 tetras,
2288 2670 2390 2735 Ac
2428 2667 2709 2734 monadi
2745 2675 2887 2732 tres

861 2783 1190 2850 Adiectae
1222 2786 1494 2851 numeri
1524 2787 1782 2873 species
1816 2789 2165 2875 complent
2204 2786 2477 2852 decadis
2522 2786 2659 2852 vim

863 2900 1311 2966 Claudentem
1349 2925 1668 2968 numeros
1708 2925 1970 2988 omneS,
2007 2926 2374 2969 numerum
2412 2923 2880 2968 numerorum.

733 3007 817 3070 10
861 3017 1048 3102 Ergo
1087 3016 1207 3082 ubi
1245 3016 1328 3082 de
1359 3017 1646 3085 minimo
1685 3026 2020 3105 tanquam
2060 3019 2350 3085 monade
2387 3019 2461 3083 in
2500 3040 2750 3106 genere
2790 3017 2924 3081 isto

862 3133 1221 3220 Completa
1259 3140 1362 3199 est
1398 3135 1598 3200 nobis
1638 3137 2041 3223 speculatio,
2076 3159 2220 3202 non
2255 3136 2581 3202 violanda
3101 3160 3153 3199 25

863 3249 1214 3335 Perquirit
1255 3250 1461 3315 series
1500 3250 1778 3316 defluxu
1810 3251 2036 3316 dicere
2074 3252 2343 3338 puncti,

865 3364 1160 3431 Nomine
1200 3389 1334 3451 quo
1375 3367 1618 3452 quanti
1658 3367 1994 3433 dimensio
2031 3367 2258 3454 prima
2298 3373 2602 3432 notatur.
3151 3374 3231 3436 1)-
3271 3359 3472 3423 132

867 3483 1001 3549 Sed
1031 3484 1224 3570 prius
1257 3491 1360 3549 est
1400 3505 1644 3571 operae
1683 3484 1859 3549 sacri
1897 3485 2282 3571 penetralia
2321 3484 2535 3550 fontis

737 3597 818 3660 15
865 3600 976 3664 Ire
1013 3601 1421 3684 salutatum,
1461 3606 1530 3665 et
1562 3599 1899 3666 libamina
1932 3623 2209 3687 carpere
2246 3600 2501 3687 prima,

866 3717 1156 3794 Quando
1189 3717 1499 3782 infinitas
1537 3718 1822 3804 specieS‚
1861 3717 2113 3804 quibus
2146 3728 2293 3785 arte
2330 3740 2692 3804 vagamur,
3103 3744 3154 3780 ,ω

865 3832 1172 3898 Naturae
1210 3833 1298 3898 ad
1336 3840 1556 3898 certas
1593 3833 1898 3921 primum
1930 3857 2251 3900 revocare
2289 3835 2553 3920 licebit,

871 3949 1056 4026 Quas
1095 3971 1289 4014 mens
1328 3949 1554 4015 affinis
1592 3950 1831 4037 paucis
1864 3952 2374 4039 complectitur,
2413 3975 2631 4037 usque

873 4067 987 4132 Ad
1021 4075 1323 4132 mentem
1361 4067 1658 4154 primam
1697 4070 1973 4134 numeri
2011 4070 2086 4134 in
2124 4069 2418 4135 monade
2459 4068 2684 4134 omnis
2722 4065 3092 4133 habentem

739 4177 826 4242 20
871 4185 1185 4251 Virtutes
1223 4193 1588 4272 actumque
1627 4186 1849 4252 Simul.
1893 4187 2005 4252 Sic
2039 4187 2277 4252 ordine
2315 4193 2501 4252 certo

875 4299 962 4364 Se
999 4322 1324 4366 numerus
1357 4299 1694 4384 (monadis
1732 4301 2040 4389 pendens
2079 4325 2119 4368 a
2149 4302 2368 4386 fonte)
2407 4307 2776 4389 propagat3
3109 4326 3163 4365 35

1063 4559 1137 4609 12.
1163 4559 1223 4606 13
1257 4557 1476 4624 puncti.
1507 4558 1752 4609 Nomine
