3738 5268
1360 524 1449 569 DE
1490 523 1715 569 Mamm
1756 524 2166 570 EXISTEN'I'IA.

623 681 974 748 Particula
1007 686 1085 745 ut
1122 680 1325 767 cycli,
1364 680 1484 765 qui
1523 684 1757 745 centro
1798 686 1900 744 est
1938 680 2322 766 proximuS,
2362 691 2550 748 arcet

623 799 952 885 Ingentes
989 820 1187 863 arcus
1228 817 1521 882 quorum
1553 801 1658 861 est
1687 796 2057 882 absumpta
2095 819 2392 883 recessU,

625 913 718 978 Et
757 914 1027 999 cyclum
1064 912 1248 978 hunc
1285 912 1550 977 nullam
1588 918 1863 998 reputes
1901 917 2053 976 tum
2092 911 2387 998 denique
2423 921 2692 1000 partem

627 1031 968 1116 (Namque
1005 1030 1253 1116 ingens
1291 1029 1602 1117 spacium
1639 1036 1901 1117 puncto
1940 1030 2280 1096 transitur
2317 1031 2392 1097 in
2432 1055 2599 1117 uno,

537 1151 578 1214 ὖ
625 1147 951 1213 Partibus
990 1170 1144 1212 cum
1183 1147 1421 1212 multis
1461 1148 1646 1213 caelo
1685 1147 2127 1213 subvolvitur
2164 1149 2306 1214 alto

627 1263 886 1347 Tellus,
924 1270 994 1328 et
1029 1264 1243 1328 moles
1276 1270 1685 1350 consumpta
1722 1268 1825 1328 est
1863 1262 2084 1350 ipsius
2123 1263 2319 1345 inde3

624 1380 803 1445 Nam
842 1379 1122 1444 tandem
1159 1386 1496 1466 punctum
1533 1378 1967 1464 nihilumque
2003 1385 2295 1466 putatur
2330 1379 2703 1467 habenda),

628 1495 742 1562 Sic
780 1496 1056 1561 tardum
1095 1505 1164 1561 et
1202 1496 1401 1562 velox
1438 1517 1580 1561 non
1616 1495 2074 1582 respiciemur
2111 1494 2348 1581 inique

625 1613 736 1678 Ad
767 1635 1043 1679 sensum
1081 1619 1401 1679 nostrum
1438 1621 1506 1678 et
1538 1619 1828 1678 naturae
1865 1634 1991 1700 pro
2028 1613 2323 1679 rationis

497 1730 582 1792 10
626 1729 1011 1815 Rhythmo,
1054 1735 1127 1795 at
1177 1729 1444 1796 occulta
1480 1728 1705 1815 specie
1744 1751 2149 1816 comprensa
2189 1735 2516 1796 tenentur

626 1847 976 1925 Quaedam
1015 1849 1142 1914 sub
1175 1847 1488 1932 reliquis,
1527 1848 1721 1912 velut
1756 1846 1925 1912 haec
1963 1848 2274 1933 exempla
2312 1848 2680 1913 notabunt.

623 1966 777 2030 Hoc
814 1965 871 2030 si
910 1965 985 2029 in
1024 1963 1424 2050 corporibus
1456 1962 1791 2027 distantia
1829 1964 1976 2028 sola
2013 1964 2319 2028 locorum

624 2081 885 2164 Efficit,
924 2081 1011 2146 ad
1049 2088 1317 2167 partem
1356 2086 1436 2144 ut
1467 2101 1627 2166 pars
1666 2079 1946 2145 tandem
1984 2101 2126 2144 non
2164 2080 2296 2145 siet
2334 2081 2583 2168 hilum,

632 2200 817 2278 Quid
853 2198 1123 2264 credam
1162 2206 1242 2263 ut
1279 2196 1646 2263 minimum
1679 2220 1928 2286 corpus
1965 2206 2374 2286 tempusque
2412 2201 2716 2268 vicissim

496 2317 576 2379 15
624 2315 715 2379 Et
754 2321 980 2379 motus
1012 2313 1206 2378 varia
1239 2312 1463 2400 specie
1502 2313 1753 2378 collata
1790 2312 2141 2379 ferentur?

623 2432 1059 2520 Quapropter
1096 2431 1301 2496 liceat
1337 2431 1562 2515 logico
1596 2430 1980 2497 discindere
2013 2456 2282 2521 semper

622 2550 1029 2631 Discissum,
1064 2571 1100 2612 e
1136 2547 1425 2612 minimo
1465 2554 1754 2612 naturae
1786 2570 2169 2632 excurrere3
2209 2549 2371 2614 dum
2415 2572 2554 2615 non

623 2669 943 2733 Promere
982 2664 1329 2729 subiectae
1367 2663 1603 2728 credat
1636 2662 2022 2730 conformia
2058 2666 2178 2730 rei.

623 2781 903 2846 Instant
939 2786 1305 2867 propterea
1344 2786 1414 2843 et
1453 2778 1637 2864 quod
1673 2800 1816 2845 non
1851 2780 2223 2845 resecabile
2261 2783 2560 2868 substat,

487 2907 575 2970 20
625 2897 735 2962 Ad
773 2919 1049 2962 sensum
1088 2895 1357 2960 nullum
1394 2895 1605 2960 faciet
1644 2896 2039 2980 discrimen,
2075 2896 2394 2984 idemque

619 3011 984 3079 Absistens
1021 3011 1328 3076 numeris
1363 3011 1601 3077 multis
1638 3012 1988 3098 variisque
2017 3019 2334 3100 putetur,

617 3125 759 3191 Ceu
797 3123 964 3191 satis
1002 3125 1343 3191 inducunt
1379 3128 1681 3215 propriis
1719 3128 2136 3194 animalcula
2172 3130 2528 3216 membriS,

619 3241 920 3328 Corpore
958 3258 1133 3326 quae
1171 3242 1445 3328 integro
1485 3244 1770 3332 capiunt
1806 3245 1926 3311 vix
1963 3267 2160 3333 posse
2201 3246 2439 3312 videri.

618 3359 804 3445 Ergo
843 3381 966 3445 per
1004 3358 1307 3424 medium
1346 3366 1685 3447 punctum
1724 3369 2065 3428 commota
2101 3370 2348 3450 putare

483 3487 569 3549 233
618 3477 811 3541 Inter
851 3482 1213 3562 septenum
1251 3484 1320 3542 et
1359 3484 1687 3543 octonum
1726 3478 1992 3544 tardius
2024 3486 2233 3564 atque

616 3591 824 3657 Ocius
861 3591 1047 3658 haud
1084 3592 1318 3678 liceat,
1360 3593 1785 3679 minimoque
1822 3617 2131 3681 repressa
2169 3618 2465 3662 manere.

615 3708 811 3773 Adde
851 3709 1062 3776 etiam
1101 3718 1179 3775 ut
1218 3733 1482 3794 sensim,
1521 3732 1654 3796 quo
1693 3710 1971 3776 tardum
2009 3713 2382 3799 apprendis
2421 3721 2490 3778 et
2537 3714 2763 3802 ipsum

614 3826 858 3909 Velox,
898 3849 979 3891 ac
1016 3826 1222 3908 ratio,
1264 3848 1388 3890 ceu
1424 3826 1660 3913 paullo
1699 3826 1998 3892 diximus
2037 3840 2233 3914 ante,

614 3941 772 4007 Non
805 3943 999 4007 venit
1036 3966 1075 4008 a
1113 3950 1374 4029 puncto
1413 3943 1717 4007 numeris
1755 3944 1937 4029 quod
1976 3945 2165 4010 mille
2204 3948 2483 4012 recedit.

480 4070 568 4133 30
614 4060 706 4123 Et
744 4059 1070 4143 quoniam
1110 4081 1327 4143 usquc
1368 4058 1535 4124 adeo
1577 4059 1764 4147 fugit
1809 4062 1977 4127 haec
2015 4064 2382 4150 apprensio
2422 4088 2725 4151 sensum,

614 4175 891 4240 Accidit
930 4182 1008 4240 ut
1046 4183 1385 4261 quantum
1425 4176 1662 4244 multis
1700 4179 2070 4245 resecabile
2107 4181 2369 4246 normis

611 4294 792 4360 Tum
822 4294 1245 4381 paribusque
1281 4296 1490 4361 tomis
1529 4303 1909 4380 succurrat,
1951 4304 2104 4363 tum
2139 4298 2657 4388 imparibusque
2670 4325 2684 4385 ;

611 4409 789 4474 Cum
825 4416 1059 4474 tamen
1119 4416 1196 4474 ut
1236 4419 1501 4476 certum
1533 4435 1898 4479 numerum
1936 4421 2160 4480 certae
2199 4417 2525 4482 monades
2564 4425 2728 4483 sunt

623 4522 897 4529 ῌ--ὐ--μ

793 4552 842 4600 4.
864 4552 893 4600 7
926 4551 972 4599 lc
990 4524 1272 4616 parented
1295 4570 1558 4603 mancano
1583 4554 1671 4602 nel
1696 4560 1848 4614 leste,
1879 4571 1904 4603 e
1930 4554 2069 4620 dopo
2095 4528 2356 4608 habenda
2380 4558 2423 4606 c'
2446 4557 2472 4606 ὲ
2488 4566 2659 4623 punto

2858 2350 2910 2387 70

2851 2931 2905 2969 75

2847 4096 2898 4134 85
