3738 5268
823 506 944 565 260
1401 518 1679 568 mamm
1722 520 1926 567 anm
1969 524 2059 568 na
2100 520 2374 584 munuc,
2422 520 2516 568 111.

824 674 1131 741 Clarior‘?
1170 677 1266 742 At
1303 684 1535 764 partes
1574 676 1673 743 ita
1712 677 2195 743 confundendo
2233 679 2584 761 laborant,

822 792 980 857 Non
1021 816 1241 859 canon
1273 803 1352 859 ut
1383 804 1613 860 rectus
1651 795 1966 878 ratioque
2004 802 2245 860 exacta
2278 795 2577 859 cluescat

824 910 1152 975 Partibus
1190 911 1482 996 exiguiS,
1523 933 1766 976 verum
1802 911 2184 977 occultetur
2221 917 2301 976 ut
2338 934 2553 994 error,
3053 939 3109 977 ⁴⁵

823 1024 927 1091 Ac
967 1049 1250 1092 numero
1287 1028 1409 1092 fiat
1446 1035 1645 1092 tanto
1679 1026 1995 1094 confusio
2032 1028 2272 1093 maior.

735 1135 776 1198 ὅ
822 1140 1008 1205 Hinc
1046 1141 1323 1207 sinuum
1360 1142 1638 1208 tabulae
1675 1143 1916 1229 procul
1955 1142 2376 1207 abiiciantur
2407 1142 2691 1225 inertes,

823 1256 997 1322 Cum
1034 1258 1222 1323 noris
1261 1259 1440 1344 cycli
1478 1259 1933 1345 quadrantem
1973 1281 2241 1344 semper
2276 1257 2595 1343 iniquum

825 1372 962 1440 Ora
1003 1397 1208 1463 super
1243 1377 1449 1459 radii,
1490 1400 1608 1443 seu
1646 1384 1876 1443 totum
1915 1377 2058 1443 sive
2095 1399 2218 1463 per
2257 1398 2493 1442 omnes

824 1490 1191 1578 Concipias
1227 1500 1459 1579 partes
1497 1493 1668 1559 recti
1706 1492 2065 1578 curvique,
2105 1498 2185 1557 ut
2223 1499 2291 1557 et
2328 1516 2546 1577 usque
3055 1520 3112 1557 50

823 1606 981 1672 Una
1019 1608 1381 1694 sigillatim
1420 1632 1730 1695 quaeque
1767 1616 1872 1674 est
1910 1609 2155 1694 cuique
2194 1608 2457 1695 impare
2495 1614 2753 1691 tractU,

693 1721 778 1784 10
820 1723 916 1787 Et
954 1730 1180 1789 totum
1222 1725 1698 1811 quodcumque
1738 1726 1880 1791 suis
1919 1726 2002 1791 de
2039 1725 2358 1812 partibus
2396 1724 2583 1790 hisce

822 1839 1115 1906 Constat
1153 1864 1548 1908 mensuram
1586 1842 2024 1930 capientibus
2062 1840 2225 1906 inde
2262 1847 2635 1924 recentem,

822 1956 934 2023 Ad
969 1958 1193 2045 partis
1233 1959 1502 2045 quoties
1540 1959 1928 2047 progressio
1966 1960 2085 2024 fiet
2122 1959 2300 2025 alius

820 2073 1268 2140 Momentum.
1307 2076 1406 2143 Ut
1442 2097 1799 2161 nunquam
1838 2075 2143 2141 medium
2181 2074 2392 2141 medii
2428 2074 2856 2162 accipientur
3057 2101 3110 2139 55

824 2187 1184 2265 Quadrans
1222 2196 1430 2275 atque
1467 2191 1684 2256 triens
1724 2191 2108 2277 quadrante
2144 2213 2272 2256 nec
2309 2212 2453 2255 esse
2492 2189 2747 2254 triente

693 2308 774 2372 15
819 2305 1201 2392 Acceptum
1239 2309 1499 2393 poterit
1537 2309 1906 2375 succedens
1947 2309 2188 2374 ordine
2226 2315 2414 2374 certo

819 2423 904 2486 In
943 2445 1152 2488 curva
1189 2446 1273 2489 ex
1310 2432 1537 2490 rectae
1575 2432 1643 2490 et
1679 2425 1754 2490 in
1790 2432 1979 2491 recta
2017 2449 2101 2490 ex
2137 2426 2437 2512 partibu'
2458 2448 2730 2490 curvae.

820 2538 1136 2624 Namque
1174 2546 1255 2604 ut
1292 2540 1570 2627 oblique
1607 2541 1800 2609 radio
1839 2541 2282 2607 subtenditur
2320 2565 2548 2625 achS,

823 2653 939 2720 Sic
974 2655 1160 2741 parti
1201 2657 1604 2744 cuicumque
1639 2659 1835 2724 venit
1872 2681 2033 2746 pars
2069 2658 2523 2742 subiicienda3
3054 2687 3108 2724 co

822 2770 965 2835 Nec
1003 2770 1197 2837 iuvat
1234 2773 1636 2840 innumerae
1674 2781 1752 2840 ut
1788 2781 2021 2862 partes
2058 2773 2500 2860 geminentur
2536 2773 2793 2859 iniqui,

689 2888 778 2951 20
824 2887 901 2951 Si
936 2910 1160 2973 neque
1196 2896 1562 2977 propterea
1599 2891 1828 2956 minus
1878 2890 2324 2978 opperientur
2361 2890 2665 2976 iniquae.

821 3004 1008 3089 Ergo
1043 3005 1233 3071 velut
1268 3029 1625 3091 nunquam
1663 3007 1859 3072 venit
1896 3009 2041 3073 ulla
2076 3006 2433 3094 proportio
2473 3013 2661 3072 certa

823 3122 1150 3188 Partibus
1189 3123 1276 3189 ad
1310 3132 1571 3210 partes,
1613 3147 1932 3191 mensura
1972 3126 2104 3190 erit
2140 3125 2291 3190 heic
2331 3147 2601 3211 quoque
2639 3125 2855 3191 nulla.

987 3351 1213 3413 Circuli
1239 3354 1551 3432 proprium
1581 3353 1936 3427 subiectum,
1961 3354 2021 3414 in
2052 3372 2168 3430 quo
2197 3353 2443 3414 minima
2466 3354 2597 3415 eius
2619 3354 3111 3416 demonstrative

826 3468 1082 3545 perinde
1154 3477 1335 3546 atque
1412 3469 1473 3530 in
1538 3470 1852 3532 Charitum
1913 3472 2096 3551 plana
2151 3470 2409 3549 cythara
2463 3470 2952 3549 conspiciuntur,
3019 3480 3116 3532 est

696 3581 782 3645 25
829 3585 1119 3663 sphaera,
1153 3585 1292 3646 ideo
1330 3587 1391 3646 in
1433 3586 1739 3664 triangulo
1783 3607 1971 3666 supra
2010 3605 2265 3666 corpore
2306 3587 2565 3663 globoso
2608 3587 2985 3663 aequilatero
3033 3587 3117 3648 ef-

829 3701 1090 3763 formato
1128 3711 1190 3764 et
1224 3705 1433 3782 praxis
1475 3713 1539 3764 et
1580 3704 1917 3784 speculatio
1955 3706 2291 3784 perficitur,
2323 3704 2810 3780 quandoquidem
2846 3704 2929 3765 ibi
2964 3724 3117 3765 sem-

832 3838 944 3895 per
975 3819 1239 3897 partium
1276 3818 1354 3880 ad
1389 3829 1598 3899 partes
1633 3829 1730 3881 est
1770 3821 2079 3899 analogia3
2121 3820 2184 3881 in
2218 3821 2401 3899 plano
2448 3841 2593 3881 vero
2648 3840 2719 3880 ea
2772 3821 3119 3901 proportio·

832 3937 990 3998 nalis
1026 3939 1217 3998 sectio
1274 3946 1336 3998 et
1371 3949 1761 4015 augmentum
1799 3958 1921 3998 non
1976 3946 2185 4018 potest
2234 3939 2359 3998 ulla
2403 3948 2535 3999 arte
2592 3939 2693 3998 vel
2744 3938 2956 4016 effingi
3015 3940 3117 4000 vel

834 4055 1166 4132 moderari,
1229 4056 1371 4133 quia
1430 4077 1635 4117 arcum
1695 4057 2115 4117 subdividenti
2172 4058 2235 4116 in
2295 4058 2479 4136 plano
2534 4077 2733 4117 novae
2793 4066 3117 4118 occurrunt

703 4168 792 4231 30
836 4191 1153 4231 mensurae
1167 4193 1181 4247 ;
1209 4193 1405 4250 neque
1441 4174 1601 4233 enim
1637 4174 1897 4235 circinus
1931 4175 2117 4254 duplo
2152 4174 2351 4253 magis
2385 4174 2674 4253 expansis
2718 4174 2995 4236 cruribus
3029 4175 3120 4235 ita

838 4287 1024 4367 duplo
1048 4289 1337 4350 maiorem
1361 4290 1524 4368 capit
1550 4293 1611 4352 in
1632 4291 1815 4370 plano
1839 4312 2061 4369 arcum,
2088 4290 2247 4352 sicut
2274 4292 2459 4369 duplo
2484 4292 2771 4352 maiorem
2809 4292 2820 4370 Ι
2858 4299 3116 4370 rectam,
3138 4292 3436 4369 P.122

1024 4530 1084 4578 24
1119 4529 1164 4577 Ie
1185 4530 1383 4592 parole
1406 4530 1701 4581 Chai-itum
1731 4561 1777 4567 -—
1799 4529 2239 4597 conspiciuntur
2261 4550 2388 4582 sono
2416 4539 2503 4582 tra
2524 4533 2807 4598 parente-ei
