3738 5268
1080 511 1391 557 ARTICVLI
1435 510 1777 557 ADVERSVS
1819 510 2356 556 MATHEMATICOS.
2774 494 2848 552 15

563 698 659 776 (et
696 692 772 757 in
810 690 1166 756 infinitum
1203 688 1550 756 dividenti
1595 689 2029 773 continuum)
2063 696 2167 756 est
2197 687 2455 775 ubique
2494 688 2851 785 circumfe-

561 819 787 887 rentia
822 840 947 906 per
981 817 1175 906 plani
1213 816 1643 884 divisionem.

738 946 823 1013 V.
870 944 1112 1010 Finita
1166 944 1447 1032 proprie
1502 966 1644 1010 non
1698 943 1911 1009 habet
1967 950 2309 1029 centrum,
2358 945 2435 1010 in
2497 944 2854 1010 infinitum

562 1072 908 1141 dividenti
944 1071 1222 1138 infinita
1259 1071 1538 1160 proprie
1575 1093 1717 1138 non
1753 1071 1965 1138 habet
2000 1072 2484 1160 peripheriam.
2643 1068 2652 1073 ’

476 1213 518 1278 5
737 1199 859 1267 VL
906 1198 981 1264 Si
1042 1221 1207 1285 ergo
1257 1206 1571 1265 centrum
1622 1199 1857 1287 potius
1905 1207 2009 1266 est
2064 1199 2148 1265 de
2207 1199 2477 1266 ratione
2525 1198 2854 1287 sphaerae

566 1348 773 1412 quam
812 1326 1395 1411 circumferentia,
1433 1326 1663 1392 verior
1718 1325 2009 1415 sphaera
2055 1331 2159 1392 est
2195 1326 2596 1392 universum
2646 1347 2854 1411 quam

565 1454 862 1522 mundus
898 1454 1011 1520 vel
1050 1454 1443 1541 quicunque
1487 1454 1755 1541 globus,

743 1582 900 1648 VII.
935 1582 1125 1647 Bene
1149 1581 1348 1647 aiunt
1371 1579 1799 1669 sphaericam
1827 1581 2122 1667 figuram
2146 1603 2292 1647 esse
2315 1581 2857 1669 capacissimam,
2905 1600 2968 1648 a
2997 1586 3152 1649 101·

570 1707 687 1773 sed
717 1705 939 1772 nostri
975 1706 1297 1793 vulgares
1319 1704 1715 1793 philosophi
1752 1728 1894 1772 non
1917 1705 2324 1791 intelligunt
2346 1704 2477 1772 hoc
2501 1706 2657 1772 ideo
2684 1728 2857 1790 esse,

440 1853 526 1917 10
572 1833 733 1920 quia
754 1854 880 1919 per
907 1832 1129 1920 ipsam
1161 1831 1487 1897 convenit
1511 1832 1864 1898 infinitum
1902 1832 2358 1919 praesentari;
2384 1832 2472 1898 ad
2505 1833 2860 1909 infinitum

570 1959 755 2025 enim
777 1956 1203 2044 respicienti,
1229 1963 1503 2022 constat
1538 1955 1719 2022 hanc
1756 1956 1967 2023 etiam
1999 1979 2144 2024 esse
2167 1958 2550 2043 figurarum
2575 1957 2861 2024 minime

572 2106 911 2173 capacem.
973 2082 1220 2169 Itaque
1273 2081 1444 2148 haec
1500 2087 1603 2165 (ut
1659 2083 1836 2148 aliae
1891 2084 2175 2167 multae)
2229 2083 2616 2172 propositio
2667 2085 2862 2150 iuxta

573 2209 1022 2278 falsissimum
1059 2232 1335 2276 sensum
1372 2208 1723 2298 profertur
1761 2232 1801 2275 a
1831 2211 2089 2278 nostris
2121 2210 2535 2299 antisophiS‚
2571 2234 2744 2297 quae
2770 2212 2856 2277 ab

574 2335 882 2424 antiquis
919 2334 1352 2422 sapientibus
1391 2334 1766 2402 secundum
1803 2335 2014 2401 aliam
2052 2343 2353 2403 mentem
2391 2344 2495 2402 est
2530 2337 2822 2423 prolata.

445 2473 529 2538 15
750 2461 945 2529 Vm.
996 2460 1338 2549 Sphaeras
1398 2483 1517 2528 seu
1583 2461 1827 2547 globos
1884 2484 2004 2528 seu
2068 2468 2256 2527 astra
2316 2461 2869 2529 demonstrative

579 2587 934 2657 ostendere
974 2588 1168 2656 cuius
1202 2588 1344 2655 sint
1373 2589 1636 2675 figurae
1660 2610 1802 2655 non
1835 2594 1941 2655 est
1971 2586 2300 2676 possibile
2337 2589 2596 2655 nostris
2629 2589 2868 2657 cosmi-

580 2717 842 2784 metris:
876 2716 1078 2783 nobis
1116 2723 1349 2782 autem
1379 2715 1548 2782 haec
1594 2739 1752 2783 vere
1791 2715 2187 2803 sphaericae
2220 2716 2484 2801 figurae
2526 2739 2669 2783 non
2721 2739 2868 2783 esse

579 2843 870 2932 probare
924 2849 1029 2908 est
1087 2842 1256 2910 adeo
1321 2842 1555 2928 facile,
1612 2848 1692 2909 ut
1750 2841 1881 2908 hoc
1942 2842 2153 2909 etiam
2208 2842 2394 2908 inter
2441 2842 2868 2909 theoremata

584 2990 1168 3036 connumeremus.

450 3114 541 3177 20
758 3096 889 3162 IX.
936 3096 1117 3163 Vera
1165 3094 1455 3184 sphaera
1492 3118 1634 3162 non
1679 3103 1783 3162 est
1830 3096 2205 3181 sensibilis,
2245 3119 2469 3182 neque
2517 3095 2871 3162 sensibilis

586 3245 730 3288 esse
772 3228 1005 3310 posset
1042 3223 1264 3309 magis
1306 3244 1512 3308 quam
1549 3222 1989 3288 individuum
2026 3222 2258 3310 ipsum
2298 3229 2611 3288 naturae:
2656 3222 2867 3288 immo

587 3347 957 3435 multiplici
995 3348 1265 3414 ratione
1305 3348 1535 3413 minus
1567 3370 1712 3414 esse
1750 3347 2146 3413 sensibilem
2184 3353 2287 3413 est
2326 3369 2617 3412 necesse.

1256 3539 1435 3545 -..-
1456 3538 2262 3547 -ᾞῃ--ᾷ-ψ
2279 3543 2358 3547 ——
2375 3540 2852 3548 -——.-.--—riv——-.„.

774 3651 805 3699 4
838 3648 1254 3715 periphaeriam
1380 3649 1414 3699 6
1448 3647 1812 3699 veniversum
