3738 5268
1120 466 1428 513 Aarmvm
1469 466 1809 512 Anvssasvs
1853 466 2386 514 MATHEMA'rmos.
2816 450 2894 509 69

609 642 1078 731 superioribus
1115 642 1379 724 habita)
1411 640 1877 707 differentiam
1917 641 2098 706 inter
2136 641 2372 707 ambas
2412 641 2630 707 lineas
2668 641 2892 727 inqui-

607 792 757 834 rere
795 775 865 834 et
902 767 1239 850 invenire3
1279 790 1362 832 ex
1400 790 1478 833 eo
1525 766 1714 832 enim
1761 767 2143 833 communis
2192 788 2512 832 mensura
2559 765 2890 832 facillime

606 892 891 959 definita
930 900 997 959 et
1037 892 1479 959 denominata
1518 898 1638 957 est.
1684 894 1693 975 Ι
1733 892 1825 956 Et
1862 891 2072 956 habes
2111 890 2541 976 facultatem,
2579 914 2712 977 qua
2743 898 2894 957 tum
2942 900 2985 960 f
3015 900 3115 962 5¹·

608 1027 831 1084 rectas
868 1026 1017 1085 tum
1056 1041 1299 1084 curvas
1338 1039 1553 1103 usque
1591 1017 1678 1083 ad
1717 1016 2004 1082 minima
2037 1016 2440 1083 resolvendo
2479 1017 2786 1103 metiare,
2829 1024 2897 1082 et

523 1143 564 1205 ἴ)
612 1144 817 1210 unius
880 1167 1270 1210 mensuram
1346 1166 1502 1209 cum
1568 1142 1851 1209 alterius
1918 1164 2238 1208 mensura
2294 1140 2637 1227 conferaS,
2713 1143 2896 1228 quod

608 1271 755 1336 veri
790 1277 1181 1357 geometrae
1218 1291 1408 1356 opus.
1452 1268 1599 1333 164.
1639 1269 1737 1335 Ut
1774 1267 2270 1354 homogeneam
2317 1291 2708 1335 mensuram
2756 1268 2894 1334 dia-

605 1403 824 1461 metro
862 1405 1070 1481 atque
1117 1402 1342 1461 costae
1390 1393 1772 1478 inveniam,
1822 1398 2032 1478 atque
2079 1393 2365 1458 caeteris
2415 1396 2888 1461 communem?

603 1520 851 1586 Nonne
903 1520 1256 1608 praedicta
1302 1518 1555 1604 forma,
1602 1517 1724 1583 ubi
1772 1517 2107 1583 diameter
2162 1517 2254 1583 sit
2309 1517 2493 1584 basis
2555 1519 2893 1606 trianguli

603 1646 1040 1733 aequilateri,
1088 1651 1167 1710 ut
1211 1668 1274 1711 v.
1313 1667 1379 1731 g.
1418 1644 1496 1730 ᾖ)
1539 1642 1681 1708 GM
1718 1642 1793 1707 in
1839 1642 2189 1729 triangulo
2238 1643 2448 1726 aGM‚
2497 1644 2678 1709 latus
2725 1666 2887 1710 vero

474 1766 558 1829 10
602 1768 955 1856 triangulo
1014 1769 1638 1850 adcommodatum,
1688 1774 1767 1833 ut
1812 1768 1970 1853 FH,
2021 1766 2109 1833 ad
2165 1769 2497 1853 angulum
2553 1770 2890 1857 trianguli

602 1896 1033 1980 subtensum‚
1072 1902 1151 1961 ut
1189 1893 1288 1959 ibi
1328 1895 1433 1975 bd,
1474 1900 1552 1958 ut
1588 1892 1738 1958 visa
1778 1894 1860 1957 bd
1899 1915 2087 1958 nunc
2136 1892 2414 1979 quidem
2470 1902 2678 1980 quota
2728 1919 2889 1983 pars

601 2021 694 2087 sit
741 2019 1049 2104 maioriS‚
1096 2027 1267 2108 puta
1316 2018 1481 2102 GM,
1516 2025 1585 2083 et
1633 2024 1843 2104 quota
1889 2018 2204 2102 minoriS‚
2253 2041 2501 2107 nempe
2533 2020 2657 2107 fh,
2699 2021 2888 2086 inve·

599 2145 834 2212 niatur
870 2168 1196 2213 numerus
1235 2144 1643 2228 communia,
1682 2142 2008 2210 ultimum
2047 2143 2311 2211 scilicet
2349 2152 2748 2232 certumque
2787 2169 2887 2213 re-

601 2270 914 2337 siduum?
972 2271 1123 2336 165.
1162 2270 1261 2337 Ut
1317 2269 1608 2336 eundem
1669 2269 2003 2335 circulum
2061 2269 2173 2335 vel
2233 2293 2469 2337 arcum
2519 2270 2882 2338 definimus

467 2396 550 2460 15
596 2417 881 2461 numero
928 2394 1209 2461 maioris
1270 2402 1338 2459 et
1383 2394 1850 2481 cuiuscunque
1896 2394 2209 2479 minoriS‚
2258 2402 2338 2460 ut
2384 2405 2883 2483 consequenter

595 2518 854 2586 nullius
893 2542 1047 2587 cum
1093 2520 1230 2586 alia
1277 2519 1659 2586 communis
1705 2541 2026 2585 mensura
2073 2541 2214 2585 non
2260 2519 2379 2605 sit,
2430 2527 2499 2586 et
2545 2522 2738 2587 nulla
2786 2522 2879 2587 sit

595 2644 1155 2712 denominatione
1213 2645 1495 2712 carens?
1542 2646 1675 2711 Per
1719 2645 2023 2733 primum
2069 2645 2273 2711 huius
2330 2645 2621 2712 membri
2684 2670 2876 2735 opus,

600 2769 745 2834 166.
785 2770 883 2836 Ut
919 2792 1310 2837 mensuram
1350 2769 1590 2837 circuli
1628 2793 1667 2836 a
1705 2769 2134 2857 temporibus
2174 2769 2551 2836 Ptolemaei
2587 2771 2674 2837 ad
2713 2771 2880 2838 haec

594 2917 808 2981 usque
839 2902 1149 2983 tempora
1181 2901 1527 2962 servatam
1552 2894 1879 2961 damnas?
1912 2895 2013 2962 Ut
2049 2894 2326 2961 sinuum
2358 2901 2428 2960 et
2466 2894 2878 2961 chordarum

458 3019 548 3084 20
596 3020 868 3085 tabulas
897 3020 1182 3086 abiicis?
1223 3019 1297 3086 Si
1336 3019 1692 3087 considero
1720 3019 2174 3105 quadrantem
2212 3019 2454 3085 circuli
2496 3042 2702 3108 super
2734 3020 2880 3086 dja-

596 3153 890 3210 metrum
930 3169 1072 3212 esse
1105 3146 1422 3232 iniquum
1457 3145 1830 3211 secundum
1868 3151 2094 3211 totum
2125 3150 2195 3210 et
2232 3143 2604 3210 secundum
2641 3166 2875 3210 omnes

593 3279 800 3356 atque
847 3271 1155 3357 singulas
1202 3278 1433 3357 partes
1480 3279 1549 3335 et
1584 3270 1891 3357 partium
1929 3278 2178 3357 partes.
2227 3270 2467 3336 Partes
2515 3270 2699 3335 enim
2748 3270 2875 3336 sub

592 3415 999 3481 quocunque
1059 3402 1206 3462 toto
1268 3418 1536 3482 semper
1581 3417 1764 3462 nova
1811 3401 2018 3481 egent
2083 3416 2424 3476 mensura,
2493 3394 2657 3481 quia
2718 3417 2875 3461 nus-

591 3541 798 3605 quam
858 3519 1071 3586 totius
1128 3527 1231 3585 est
1272 3518 1710 3585 medietatem
1748 3521 1939 3605 dare,
1980 3542 2102 3586 seu
2146 3541 2503 3606 nunquam
2551 3525 2655 3586 est
2702 3521 2874 3586 acci-

455 3645 542 3710 25
588 3667 749 3730 pere
785 3652 1084 3731 partem,
1118 3666 1298 3730 quae
1336 3644 1443 3709 bis
1491 3644 1583 3710 sit
1628 3645 1703 3710 in
1750 3651 1917 3712 toto,
1966 3645 2146 3712 Nam
2193 3644 2359 3710 licet
2416 3644 2642 3732 prima
2702 3645 2874 3712 divi-

588 3770 778 3835 sione
820 3772 829 3855 Ι
871 3778 1053 3836 certe
1092 3776 1367 3836 tantum
1404 3769 1726 3836 diametri
1763 3776 2038 3836 tantum
2070 3770 2429 3836 subtendit
2466 3792 2692 3855 achS‚
2727 3794 2868 3837 non
2914 3770 2958 3834 s
2987 3772 3091 3834 ὃν

586 3900 820 3960 tamen
858 3895 1170 3982 sequitur
1206 3894 1582 3962 secundum
1620 3895 1891 3962 eosdem
1926 3896 2210 3982 gradu8‚
2261 3896 2444 3982 quod
2490 3896 2870 3982 particulae

586 4020 878 4088 istarum
915 4028 1259 4088 rectarum
1298 4022 1603 4109 partium
1652 4029 1836 4087 certo
1875 4021 2252 4109 particulas
2300 4044 2665 4088 curvarum
2726 4022 2873 4088 illa·

587 4165 740 4212 rum
780 4147 1020 4213 ordine
1065 4147 1505 4214 subtendent.
1543 4147 1642 4214 Ut
1679 4146 1865 4212 enim
1902 4147 2148 4238 bisecti
2187 4147 2593 4232 quadrantis
2638 4156 2870 4235 partes

605 4330 779 4343 ———

771 4436 832 4488 14
864 4432 1107 4486 abbiamo
1135 4436 1387 4503 aqqiuneo
1410 4437 1446 4486 ι’
1466 4436 1849 4505 interrogativo
1977 4441 2038 4491 18
2069 4440 2389 4490 Ptolomaei
