3738 5268
856 500 976 557 318
1463 510 1738 555 mamm
1780 511 1983 554 anm
2025 511 2115 553 DF:
2153 510 2421 571 ΜῐΝῐΜο,
2467 511 2525 555 v.

856 667 1151 737 Finibus
1189 690 1228 731 a
1267 665 1552 751 reliquis
1590 666 1883 732 veniunt
1920 666 2316 738 discrimine
2354 666 2557 731 binis,

859 783 1192 868 Quodque
1228 783 1554 849 Berasteo
1593 790 1662 847 et
1699 781 1925 847 medio
1963 782 2380 848 monstrabis
2418 782 2746 866 HericliS,

857 899 949 963 Et
987 898 1496 964 confirmabunt
1534 897 1817 984 Pyladis
1856 920 2229 983 sensusque
2267 897 2571 964 Periclis
3088 927 3136 967 ιο

1016 1177 1099 1237 Et
1133 1176 1372 1236 Euclidi
1408 1176 1750 1252 triangulus
1792 1174 2202 1251 aequilaterus
2244 1176 2553 1235 radiorum
2597 1174 2871 1236 eiusdem
2918 1175 3135 1235 circuli

770 1282 810 1344 5
857 1294 1225 1371 aequalitate
1261 1293 1692 1372 comprobatur
1723 1291 1859 1351 luce
1896 1290 2074 1370 primi
2107 1293 2304 1352 nostri
2338 1292 2661 1352 axiomatis
2696 1291 2956 1352 adiecta.

1752 1765 2056 1831 OAPVT
2128 1766 2255 1830 III.

1842 2038 2164 2082 ERECTOR.

1293 2229 1520 2281 Angulum
1552 2233 1720 2268 rectum
1749 2229 1797 2267 in
1825 2239 2106 2278 quocumque
2136 2228 2242 2268 dato
2271 2230 2437 2278 puncto
2467 2228 2709 2268 constituo.

1038 2475 1186 2540 Iam
1224 2496 1389 2539 vero
1427 2481 1506 2538 ut
1544 2475 1769 2537 rectus
1808 2468 2278 2556 formeturque
2315 2470 2609 2556 angulus
2649 2475 2809 2557 apte
3160 2477 3469 2555 p.1'78

734 2591 817 2655 10
866 2591 1188 2669 Quolibet
1221 2612 1260 2655 a
1297 2595 1582 2677 punem,
1624 2588 1754 2655 siet
1792 2588 1866 2654 in
1907 2588 2277 2654 curvedine
2308 2588 2470 2674 gyri

861 2707 1169 2784 Quilibet
1205 2706 1320 2771 hic
1355 2712 1653 2793 punctus
1690 2705 1953 2791 gemini
1988 2705 2108 2789 qui
2145 2704 2231 2769 ad
2271 2704 2569 2769 cardinis
2609 2726 2727 2769 ora

859 2822 1030 2886 Inde
1069 2821 1265 2905 fluat,
1301 2822 1494 2906 queis
1532 2820 1611 2885 fit
1648 2821 2059 2907 contingens
2097 2820 2429 2885 dimetrus
2469 2821 2724 2885 orbem.

862 2939 1206 3003 Monstrat
1244 2937 1315 3003 id
1352 2938 1427 3002 in
1465 2937 1752 3003 Veneris
1791 2939 2050 3024 templo
2089 2936 2324 3003 Timor
2362 2944 2568 3022 atque
2608 2936 2930 3020 Querela,
3118 2961 3142 2999 5

866 3054 1171 3132 Quorum
1209 3053 1591 3118 communis
1628 3054 1743 3118 via
1782 3055 2119 3141 templum
2156 3053 2412 3119 scindit
2460 3054 2533 3118 in
2571 3075 2826 3138 aequas

734 3168 816 3231 15
864 3171 1226 3237 Sacratum
1266 3170 1467 3236 divae
1503 3184 1763 3258 partes,
1806 3193 1980 3256 quae
2018 3194 2059 3236 a
2096 3171 2375 3237 cardine
2414 3171 2580 3235 bino

863 3288 1171 3374 Anglum
1212 3287 1613 3374 concipiunt
1650 3294 1914 3353 rectum
1951 3287 2034 3352 de
2073 3287 2369 3353 fontibu’
2408 3286 2637 3371 PaciS,

864 3404 994 3470 Cui
1033 3405 1327 3469 similem
1366 3405 1652 3492 praebet
1689 3404 2088 3491 Trepidatio
2128 3410 2196 3469 et
2234 3404 2457 3469 omnis
2496 3403 2570 3468 in
2608 3426 2773 3469 arcu

864 3520 1199 3603 PunctUS‚
1241 3543 1443 3606 quem
1483 3521 1688 3587 simul
1726 3521 2080 3606 attingant
2120 3544 2389 3585 sursum
2428 3527 2634 3606 atque
2670 3519 3006 3587 deorsum.
3099 3552 3149 3589 ιο

869 3637 1199 3702 Rauclius
1233 3636 1363 3702 hoc
1400 3643 1626 3702 totum
1657 3637 1963 3702 breviter
1999 3636 2230 3702 finivit
2269 3642 2338 3701 et
2376 3645 2559 3723 apte.

733 3923 822 3988 20
1027 3919 1115 3981 Ut
1151 3920 1440 3998 angulum
1469 3927 1703 3979 rectum
1732 3919 1795 3978 in
1824 3934 2179 3996 quocunque
2210 3916 2354 3978 dato
2386 3925 2611 3997 puncto
2642 3918 2973 3996 constituo²
3007 3917 3149 3996 quia

869 4041 978 4100 fiat
1015 4039 1310 4099 terminus
1342 4038 1631 4115 trianguli
1662 4036 2021 4114 aequilateri
2053 4039 2115 4096 in
2152 4037 2375 4096 circulo
2416 4037 2601 4115 (quod
2638 4043 2956 4115 praestare
2989 4037 3150 4096 inter

871 4155 1162 4215 facillima
1195 4156 1605 4232 computatur)
1639 4153 1947 4231 inscripti3
1984 4154 2073 4214 sic
2108 4160 2170 4212 et
2206 4153 2496 4213 circulum
2537 4153 2760 4212 lineam
2801 4153 3153 4230 contingen-

867 4280 990 4332 tem
1028 4270 1262 4347 effici0‚
1304 4270 1394 4330 sic
1443 4276 1506 4330 et
1539 4268 1912 4346 triangulum
1956 4268 2475 4348 circumscriptum
2519 4269 2808 4346 primaria
2848 4267 3150 4329 facilitate

867 4411 1125 4469 repom,
1163 4391 1253 4450 sic
1288 4389 1408 4448 alia
1441 4408 1595 4465 quae
1626 4408 1702 4448 ex
1728 4388 1878 4448 iisce
1906 4388 2006 4449 vel
2042 4395 2494 4465 consequuntur
2535 4387 2634 4447 vel
2662 4388 2740 4447 ad
2770 4388 2985 4447 horum
3016 4408 3150 4447 nor-

737 4507 823 4570 25
869 4530 1027 4569 mam
1063 4507 1198 4568 fieri
1231 4506 1446 4567 volunt
1481 4506 1851 4582 exequimur.
