3738 5268
1354 514 1444 558 m:
1485 513 1893 560 mvmz‘moma
1933 515 2175 561 mmm.
2790 503 2905 560 241

627 664 798 724 ribus
845 664 1229 741 regularibus
1284 665 1569 744 adposita
1607 666 1883 728 eiusdem
1926 668 2172 745 figurati
2216 670 2698 747 magnitudinem
2735 690 2909 730 exau-

619 792 825 860 geant.

783 912 818 959 τῐ
858 903 954 960 32.
998 901 1085 960 Ut
1116 902 1464 962 necessario
1502 922 1577 963 ex
1613 903 1889 980 orbibus,
1937 926 2190 980 quorum
2239 906 2501 968 circulus
2551 916 2650 968 est
2698 909 2911 967 termi-

619 1038 750 1095 nus,
784 1027 1221 1096 componantur
1255 1019 1572 1096 sphaerae,
1610 1019 1672 1079 in
1706 1041 1858 1105 quos
1889 1021 2073 1081 etiam
2102 1024 2492 1083 resolvantur
2521 1033 2783 1101 oportet,
2806 1024 2910 1099 qui

531 1132 573 1196 5
619 1136 798 1196 unius
833 1135 1027 1215 partis
1080 1154 1192 1195 seu
1242 1136 1473 1195 minimi
1529 1136 1932 1215 spissitudine
1976 1138 2351 1217 consistant,
2390 1160 2523 1200 cum
2577 1148 2744 1199 certo
2796 1161 2905 1218 pro

619 1252 1005 1331 peripheriae
1040 1254 1386 1314 conditione
1421 1255 1807 1316 latitudinem
1838 1276 1946 1316 seu
1981 1278 2185 1317 aream
2228 1257 2572 1335 complente
2625 1278 2873 1318 numero
2893 1280 2906 1335 ;

624 1369 783 1429 unde
817 1370 998 1429 facile
1034 1370 1110 1430 de
1146 1372 1401 1431 aliorum
1438 1392 1758 1450 corporum
1804 1382 1867 1434 et
1909 1374 2225 1451 planorum
2282 1374 2726 1452 compositione
2760 1374 2910 1435 iudi-

624 1485 779 1545 cium
814 1495 1235 1562 consequatur.
1281 1487 1491 1547 Facile
1534 1490 1694 1548 enim
1736 1498 1833 1550 est
1884 1490 2126 1568 videre,
2182 1510 2302 1567 qua
2353 1492 2590 1551 ratione
2647 1491 2908 1551 circulus

622 1606 835 1667 finitus
868 1627 976 1667 sex
1009 1608 1274 1686 partium
1311 1609 1588 1669 terminis
1622 1609 1943 1686 adsurgat,
1982 1610 2458 1687 quibuscumque
2494 1609 2909 1671 divisibilibus

494 1713 580 1777 10
623 1724 748 1784 illis
782 1724 1078 1786 adsuitur.

782 1838 814 1885 ’Π
857 1846 954 1903 40.
998 1844 1128 1905 Nec
1178 1845 1436 1923 impedit
1494 1866 1691 1920 neque
1727 1845 2063 1923 impeditur
2106 1844 2268 1920 quod
2309 1844 2585 1923 perfecte
2638 1845 2910 1924 sphaeri-

622 1980 756 2019 cum
790 1971 854 2020 et
890 1961 1183 2021 circulare
1225 1961 1326 2022 vel
1369 1962 1553 2022 etiam
1605 1963 2033 2038 cuiuscumque
2086 1962 2321 2039 figurae
2373 1981 2619 2038 corpus,
2680 1962 2733 2021 si
2776 1982 2912 2040 pro-

624 2077 870 2138 fundius
909 2082 917 2157 Ι
956 2079 1322 2156 considereS,
1346 2101 1455 2158 per
1475 2079 1691 2158 praxin
1712 2101 1832 2139 non
1856 2080 2055 2157 possit
2078 2079 2262 2138 ullam
2287 2079 2715 2158 comprehendi
2730 2101 2743 2155 ;
2769 2081 2909 2158 quia
2932 2099 3011 2159 p.
3032 2085 3225 2148 103

620 2197 964 2273 globositas
991 2208 1172 2274 atque
1201 2199 1579 2259 circularitas
1608 2197 1856 2277 proprie
1886 2207 2067 2274 atque
2096 2217 2207 2276 per
2235 2217 2302 2257 se
2336 2198 2438 2257 uni
2465 2197 2722 2275 infinito,
2747 2200 2910 2273 quod

493 2305 576 2369 15
624 2335 734 2392 per
766 2323 963 2375 totum
996 2325 1093 2376 est
1126 2317 1269 2394 tale,
1309 2316 1628 2377 verissime
1665 2336 2000 2393 congruere
2037 2316 2425 2392 comperitur.

783 2439 816 2486 ἺῙ
859 2437 953 2495 50.
999 2436 1295 2514 Leucippi
1347 2455 1622 2513 campum
1688 2444 1751 2493 et
1804 2454 2007 2494 aream
2065 2433 2403 2493 Democriti
2457 2435 2904 2511 contemplare,

622 2563 690 2613 ut
723 2554 965 2632 possint
997 2562 1058 2613 te
1094 2553 1173 2612 ad
1209 2574 1447 2615 omnem
1482 2572 1825 2613 mensuram
1861 2574 1937 2612 ex
1978 2552 2208 2612 minimi
2243 2551 2730 2613 consideratione
2772 2574 2909 2631 pro-

623 2691 887 2731 movere.

785 2784 819 2832 ἿῙ
861 2790 955 2848 60.
999 2788 1096 2847 Ibi
1130 2789 1299 2867 vide,
1335 2809 1453 2865 quo
1490 2789 1703 2849 ordine
1739 2788 1901 2848 circa
1934 2794 2208 2848 centrum
2239 2796 2366 2847 tum
2397 2786 2593 2847 lineae
2627 2785 2916 2865 multipli-

492 2903 582 2966 20
628 2911 838 2964 centur
872 2913 1054 2981 atque
1086 2905 1269 2983 radii,
1308 2913 1436 2966 tum
1471 2906 1732 2985 plurium
1763 2906 2124 2965 circulorum
2154 2904 2402 2964 ordines
2440 2924 2573 2963 cum
2610 2924 2721 2963 sua
2749 2903 2912 2964 serie

626 3023 890 3101 partium
925 3033 1238 3084 crescente
1273 3043 1523 3083 numero
1567 3023 1923 3100 succedant3
1960 3022 2263 3098 quomodo
2300 3022 2447 3082 item
2492 3022 2552 3080 in
2588 3022 2912 3100 superficie

628 3144 707 3201 ad
742 3143 944 3220 polum
981 3141 1391 3218 individuum,
1426 3149 1488 3202 et
1521 3143 1583 3201 in
1618 3139 2037 3220 profunditate
2080 3141 2156 3200 ad
2201 3141 2584 3202 individuum
2639 3148 2912 3201 centrum

627 3261 860 3339 pariter
912 3261 971 3319 in
1029 3260 1292 3320 diversis
1348 3261 1631 3320 continuo
1705 3258 1820 3318 sibi
1880 3259 2349 3340 succedentibus
2406 3259 2615 3319 ordine
2672 3260 2915 3319 circulis

629 3399 819 3455 usque
855 3378 930 3437 ad
964 3379 1158 3455 ipsam
1193 3377 1513 3436 monadem
1542 3397 1792 3436 numero
1835 3377 2225 3451 decrescant3
2279 3376 2379 3434 ubi
2415 3375 2599 3434 etiam
2644 3376 2913 3434 multitu-

497 3497 584 3562 25
631 3499 833 3558 dinem
870 3497 1230 3556 circulorum
1265 3517 1398 3555 cum
1443 3496 1686 3571 trigono
1727 3496 1966 3574 spaciO,
2011 3503 2073 3554 et
2104 3495 2503 3573 sphaerarum
2547 3516 2683 3555 cum
2716 3514 2915 3554 recur-

630 3637 839 3676 varum
895 3613 1281 3693 pyramidum
1341 3611 1523 3672 simili
1583 3632 1860 3688 nuinerO,
1933 3612 2159 3689 integri
2226 3612 2709 3688 magnitudinem
2773 3610 2918 3671 defi-

631 3734 844 3793 nimus.

789 3848 822 3892 Ἲῑ
865 3854 959 3909 61.
1007 3850 1094 3908 Ut
1135 3868 1256 3908 non
1311 3858 1457 3922 quot
1510 3853 1653 3907 sunt
1703 3853 1914 3924 partes
1968 3845 2380 3923 peripheriae,
2427 3852 2521 3903 tot
2574 3843 2917 3902 habeantur

631 3970 828 4029 lineae
862 3967 938 4027 ad
977 3975 1251 4025 centrum
1287 3984 1475 4040 usque
1511 3970 1860 4041 protensae3
1896 3962 2006 4023 scd
2035 3970 2333 4041 perpetuo
2358 3980 2465 4020 sex
2498 3958 2914 4020 tautummodo

499 4091 586 4152 30
630 4088 937 4148 minimum
971 4084 1234 4144 medium
1279 4084 1608 4160 attingunt.
1652 4080 1772 4142 Sex
1815 4089 1958 4140 sunt
2005 4081 2137 4140 sine
2190 4080 2349 4139 linea
2406 4045 2659 4156 puncta,
2697 4079 2916 4153 quibus

630 4213 919 4265 externus
942 4202 1202 4261 circulus
1226 4221 1409 4279 super
1429 4198 1777 4258 immediate
1801 4198 2139 4258 subiectum
2156 4197 2459 4256 internum
2482 4195 2770 4255 excrevit.
2798 4195 2917 4254 Sex

629 4328 834 4382 rectae
863 4326 1004 4380 sunt
1030 4341 1066 4378 a
1088 4317 1437 4396 peripheria
1465 4336 1680 4376 versus
1711 4323 1986 4376 centrum
2009 4315 2246 4374 duobus
2268 4321 2620 4373 constantes
2646 4312 2913 4389 punctiS,

817 4522 882 4570 26
912 4518 1296 4584 pyramidum,
1325 4517 1500 4567 simili

898 4633 1052 4672 Buum
1087 4633 1193 4681 Ομμ.
1227 4633 1307 4670 lat.
1341 4632 1382 4680 1,
1419 4632 1460 4670 3.
2547 4627 2597 4665 31
