3738 5268
2746 510 2864 568 269

877 950 1443 1056 IORDANI
1551 946 1970 1050 BRVNI
2081 942 2581 1046 NOLANI
2869 980 2949 1039 p.
2988 962 3186 1025 130

586 1254 712 1318 DE
769 1247 1281 1316 PRINCIPIIS
1340 1243 1857 1311 MENSVRAE
1912 1243 2031 1307 ΕΤ
2086 1238 2515 1305 FIGVRAE
2560 1238 2873 1302 LIBER.

1673 1537 1885 1544 ⁴--——-

1501 2188 1805 2257 OAPVT
1878 2191 1932 2254 Ι.
1960 2184 1969 2189 ’

667 2465 930 2514 progressio
952 2476 976 2505 a
1006 2463 1202 2503 monade
1227 2462 1283 2501 ad
1308 2473 1453 2511 pauca
1469 2491 1483 2511 ‚
1507 2461 1613 2500 indo
1638 2461 1693 2500 ad
1714 2461 1912 2510 plurima
1937 2472 2073 2509 usquc
2098 2460 2156 2500 ad
2180 2460 2421 2498 innumera
2444 2462 2491 2497 et
2512 2458 2803 2497 immensum.

501 2743 543 2807 5
769 2741 860 2804 Et
892 2738 1256 2804 monadem
1285 2737 1361 2801 in
1394 2735 1686 2820 tetrade,
1720 2743 1788 2801 et
1825 2736 2163 2802 tetradem
2196 2736 2270 2801 in
2302 2736 2593 2802 monade
2625 2737 2874 2802 extulit

588 2857 1024 2943 Pythagoras
1064 2854 1336 2920 Samius
1375 2854 1618 2919 Latiae
1655 2855 1924 2919 telluris
1957 2855 2306 2938 alumuUS,
2691 2853 2878 2937 [olim

590 2973 725 3050 Qui
762 2973 1125 3038 monadem
1164 2972 1238 3036 in
1277 2971 1583 3054 diadem,
1625 2971 1897 3037 diadem
1935 2973 2010 3037 in
2044 2972 2363 3054 triadem,
2406 2972 2834 3057 triademque

588 3088 673 3152 In
707 3087 1044 3152 tetradem
1076 3086 1311 3152 docuit
1341 3087 1786 3172 migrantem3
1824 3088 2005 3154 hanc
2042 3088 2338 3174 denique
2378 3088 2584 3152 finem

591 3204 683 3267 Et
721 3225 1082 3268 numerum
1120 3225 1349 3268 rerum
1389 3202 1567 3268 dixit
1604 3211 2089 3288 momentaque
2125 3203 2394 3269 habere.
2740 3223 2749 3230 “
2860 3233 2884 3270 5

465 3318 548 3381 10
593 3320 772 3386 Nam
804 3344 928 3408 per
965 3343 1035 3385 se
1066 3319 1293 3407 primo
1333 3327 1436 3384 est
1475 3319 1867 3405 minimum,
1911 3344 2043 3406 quo
2081 3320 2325 3386 deinde
2358 3319 2617 3384 fluente

593 3437 829 3502 Prima
869 3437 1016 3502 dias
1058 3435 1406 3521 sequitur3
1444 3436 1607 3521 quia
1644 3436 1828 3501 linea
1867 3443 2053 3502 recta
2089 3437 2355 3503 duobus

592 3552 886 3618 Finibus
919 3552 1184 3618 inclusa
1223 3551 1506 3636 obliquo
1539 3552 1730 3638 prior
1768 3552 2009 3618 ordine
2044 3576 2219 3640 gyro
2259 3560 2389 3637 est,

593 3667 728 3745 Qui
765 3669 1047 3753 genitur
1086 3667 1361 3753 quando
1400 3673 1780 3733 costantem
1820 3669 2158 3734 terminus
2196 3669 2371 3734 alter

592 3783 883 3866 Circuit,
923 3784 997 3848 in
1035 3791 1372 3871 punctum
1412 3784 1637 3869 quoad
1673 3785 1765 3848 sit
1801 3786 2156 3850 revolutus
2196 3784 2517 3869 eundem,
2833 3818 2883 3853 10

461 3893 545 3957 15
590 3901 945 3986 Rectaque
983 3901 1295 3966 continui
1333 3901 1560 3968 fluxus
1597 3903 1893 3988 vestigia
1932 3903 2188 3984 iunxit3

589 4017 754 4082 Mox
790 4017 1079 4103 planum
1115 4017 1467 4083 inversum
1506 4026 1743 4085 centro
1783 4027 2142 4085 constante
2180 4025 2490 4108 reportat

592 4132 1008 4219 Corpoream
1046 4133 1374 4220 sphaerae
1411 4135 1728 4221 speciem.
1767 4136 2008 4221 Neque
2046 4145 2203 4223 post
2236 4137 2443 4201 datur
2480 4137 2664 4201 ultra
2882 4153 2965 4213 p.
2992 4125 3181 4201 131'

592 4249 901 4315 Tendere
934 4251 1304 4316 continuae
1342 4252 1543 4318 molis
1578 4252 1928 4338 reliquum
1968 4253 2055 4318 ad
2091 4275 2309 4338 genus
2343 4253 2588 4336 ullum;

779 4541 856 4591 12.
880 4542 938 4590 13
973 4544 1084 4592 est.
1113 4541 1225 4604 Qui
1249 4541 1488 4605 genitur
