3738 5268
1337 536 1425 582 nn
1467 536 1875 582 mmmmm:
1917 533 2160 581 mmm.
2763 517 2879 577 261

597 691 758 752 sicut
791 711 989 767 neque
1046 692 1393 772 duplicatus
1448 676 1625 753 arcus
1678 692 1767 752 ita
1819 691 2007 770 duplo
2066 692 2355 751 maiorem
2419 690 2884 770 comprehendit

597 813 856 885 rectam,
900 808 1059 868 sicut
1098 808 1286 887 duplo
1327 810 1617 870 maiorem
1660 807 2112 868 convexitatem
2157 816 2219 867 et
2262 806 2729 869 concavitatem.
2765 809 2881 867 Est

600 933 803 984 tamen
837 924 1016 986 nobis
1044 933 1373 1004 perspecta
1404 925 1586 997 rati0,
1611 945 1730 1001 qua
1755 923 2048 984 circulum
2075 923 2302 984 circulo
2335 923 2881 1002 circumponamus‚

599 1048 668 1100 ut
701 1060 774 1101 eo
808 1061 1055 1102 numero
1093 1049 1156 1101 et
1189 1040 1401 1101 ordine
1439 1041 1700 1119 partium
1738 1047 2006 1116 crescat,
2049 1047 2119 1099 ut
2159 1040 2221 1099 in
2264 1040 2446 1119 plano
2482 1038 2605 1098 alia
2640 1036 2885 1115 quidem

512 1146 553 1208 5
600 1156 678 1214 ad
720 1176 965 1216 arcuum
1007 1157 1296 1234 aequales
1335 1164 1546 1235 partes
1591 1155 2002 1234 definiendas,
2066 1155 2186 1215 alia
2227 1175 2375 1216 vero
2418 1155 2495 1215 ad
2533 1175 2736 1215 aream
2772 1154 2890 1214 De·

604 1270 842 1332 mocriti
878 1272 1306 1351 circumposito
1340 1291 1642 1349 gnomone
1677 1272 1960 1332 continue
1993 1271 2335 1349 augendam
2368 1271 2455 1332 ita
2483 1290 2559 1331 ne
2607 1271 2669 1330 in
2711 1271 2893 1330 hexa-

604 1406 828 1464 gonum
863 1387 1123 1464 recidat,
1162 1407 1380 1466 nempe
1417 1408 1622 1447 arcum
1663 1388 1765 1464 qui
1803 1388 1997 1465 prima
2031 1406 2176 1466 pars
2212 1397 2311 1449 est
2352 1388 2588 1448 duabus
2630 1387 2725 1447 sui
2769 1406 2890 1446 me-

605 1504 939 1564 dietatibus
972 1503 1207 1564 radium
1229 1504 1400 1564 illum
1425 1503 1880 1589 definientequi
1909 1525 2200 1584 gyrorum
2229 1503 2557 1564 distantias
2586 1502 2891 1581 designet.

606 1619 730 1680 Sed
757 1628 821 1682 et
847 1620 947 1679 hic
975 1619 1318 1681 subtilitate
1353 1621 1559 1699 praxis
1589 1641 1742 1701 opus
1774 1629 1899 1696 est,
1975 1641 2090 1681 uae
2120 1621 2346 1680 nullam
2374 1621 2557 1680 etiam
2581 1619 2892 1699 propriam

473 1733 558 1797 10
601 1736 872 1796 admittit
905 1736 1510 1798 demonstrationem.
1563 1739 1695 1798 Nos
1729 1758 1878 1799 vero
1921 1736 2217 1816 quidquid
2273 1736 2533 1797 circulus
2593 1745 2657 1797 et
2712 1735 2896 1796 trian-

600 1852 783 1927 gulus
817 1852 1174 1932 sphaericus
1209 1852 1272 1913 in
1304 1854 1488 1933 plano
1524 1862 1734 1932 potest
1768 1873 1990 1933 capere
2031 1854 2094 1913 in
2127 1854 2345 1914 hastae
2380 1852 2629 1913 Arcturi
2667 1873 2898 1913 mucro-

602 1990 704 2050 ne,
742 1972 978 2032 Bressii
1014 1971 1260 2033 oraculo
1295 1981 1361 2033 et
1389 1971 1696 2033 Arachnis
1730 1973 1954 2051 angulo
1990 1972 2358 2050 aperiemus.

1517 2348 1823 2416 GAPVT
1894 2350 1988 2415 X.

751 2563 1047 2615 Polygonum
1076 2561 1324 2611 quamlibet
1351 2560 1620 2611 destueabo,
1652 2570 1806 2601 arcum
1836 2560 1906 2599 vel
1934 2560 2151 2600 circulum
2181 2559 2290 2599 data
2317 2560 2498 2601 ratione
2527 2560 2754 2600 dividam.

482 2794 564 2856 15
788 2781 1105 2847 Circulus
1142 2788 1350 2866 atque
1387 2803 1586 2846 arcus
1625 2787 1810 2846 certa
1847 2780 2118 2846 ratione
2150 2780 2443 2846 subinde

613 2897 996 2982 Scinditur,
1035 2903 1114 2962 ut
1151 2896 1344 2962 rach'o
1381 2903 1750 2984 postquam
1788 2896 2187 2962 distinxeris
2226 2897 2462 2962 orbem

612 3015 698 3079 In
734 3022 965 3102 partes
1002 3036 1201 3080 senas
1241 3013 1606 3098 (siquidem
1643 3013 1811 3078 haec
1849 3035 2168 3078 mensura
2204 3013 2530 3100 perennis

614 3127 984 3215 Firmaque
1020 3129 1424 3216 persistenS,
1464 3128 1758 3194 internis
1794 3128 2198 3215 perviaque,
2240 3151 2455 3194 unam
2491 3136 2597 3193 est

617 3242 1006 3310 Observans
1044 3249 1382 3326 normam)
1422 3244 1747 3329 triquetri
1783 3244 1875 3310 sit
1910 3243 2246 3310 terminus
2286 3267 2514 3327 arcus,
2877 3270 2901 3306 ε,

483 3362 572 3424 20
615 3357 878 3445 Nempe
915 3359 1100 3424 basis
1135 3359 1397 3445 gemini
1435 3360 1727 3446 simplex
1763 3366 1972 3446 atque
2011 3383 2173 3442 una3
2214 3359 2332 3424 sed
2373 3359 2496 3424 uni

619 3471 864 3561 Cuspis
901 3475 1032 3539 erit
1071 3483 1415 3560 centrum,
1458 3476 1642 3562 quod
1680 3477 1739 3541 si
1776 3476 2142 3542 defluxerit
2179 3475 2341 3541 inde

623 3590 992 3677 Cuspidem
1030 3591 1104 3657 in
1141 3593 1457 3678 alteriue,
1499 3593 1833 3659 bisecasse
1871 3593 2223 3658 videbitur
2261 3615 2515 3658 arcum.

623 3707 819 3772 Tunc
855 3706 1147 3773 totidem
1183 3709 1257 3773 in
1294 3715 1527 3796 partes
1564 3709 1796 3774 radius
1833 3708 2251 3774 discinditur
2287 3732 2496 3792 unus,

622 3824 707 3888 In
747 3831 915 3909 quot
951 3826 1348 3912 propositus
1385 3826 1682 3892 discindi
1721 3825 2050 3912 concupit
2089 3848 2308 3890 arene.
2855 3854 2903 3889 ιο

488 3948 574 4010 25
623 3941 802 4007 Dein
838 3943 1058 4029 partis
1095 3952 1352 4030 quanto
1386 3968 1426 4010 a
1467 3953 1701 4010 centro
1735 3951 1874 4010 stat
1912 3945 2251 4009 terminus
2291 3944 2570 4009 abstans

621 4056 872 4140 Unius,
911 4064 981 4122 et
1017 4059 1179 4144 gyri
1209 4061 1443 4125 radius
1482 4067 1893 4146 sextansque
1934 4058 2220 4124 minoris

621 4174 839 4239 Arcus
876 4174 1284 4260 prendatur,
1324 4176 1625 4241 medium
1665 4177 1776 4242 cui
1811 4176 1997 4242 linea
2034 4183 2318 4242 nectens

622 4286 951 4356 Centrum
988 4293 1196 4377 anglo
1232 4292 1515 4358 alterius
1551 4293 1879 4378 triquetri
1916 4292 2187 4376 definit,
2228 4298 2305 4357 ut
2343 4312 2543 4356 arcus

790 4473 822 4520 G
854 4488 928 4535 sq.
951 4488 1269 4537 exagonum
1397 4477 1426 4524 7
1449 4474 1607 4538 forse
1626 4489 1762 4523 arcu
1781 4474 1809 4521 P
1936 4476 2014 4523 11.
2041 4475 2097 4522 12
2127 4491 2255 4523 sono
2283 4473 2467 4523 iuomi
2484 4474 2617 4523 delle
2634 4475 2905 4537 trefiynre

619 4549 709 4600 elce
734 4568 958 4617 sequeno
984 4555 1070 4602 ‘nel
1084 4553 1350 4616 prossimo
1384 4553 1616 4618 capitolo
1745 4557 1805 4604 11
1838 4555 2123 4605 rationem
2248 4557 2310 4604 27
2342 4555 2695 4620 praemiatur
