3738 5268
1009 797 1387 896 DlVO
1477 799 2268 898 RODOLPHO
2360 803 2467 898 II

655 1051 1265 1119 ROMANORVM
1318 1054 1916 1153 IMRAEJRATORI
1964 1055 2338 1123 SEMPER
2383 1056 2820 1124 AVGVSTO

1196 1266 1844 1393 Ionnaiitff'ssiffnys
1884 1294 2201 1355 Nomnws
2236 1294 2294 1353 S.

1809 1451 1826 1462 ⁰
1876 1459 1895 1470 ο

1716 1466 1731 1478 ο
1772 1475 1811 1491 u
1862 1486 1880 1499 ·

794 2217 872 2284 Si
901 2216 1259 2283 distinctio
1286 2215 1461 2283 lucis
1486 2223 1556 2283 et
1586 2216 2048 2300 tenebrarum,
2082 2215 2592 2302 Angustissime
2625 2191 2892 2297 Caesar,

519 2343 560 2406 ἴ)
618 2341 1032 2409 naturaliter
1060 2341 1263 2409 nobis
1307 2344 1420 2410 vel
1449 2349 1529 2409 ut
1566 2341 1641 2408 in
1677 2341 1995 2430 pluribus
2041 2347 2219 2407 esset
2249 2339 2501 2425 indita,
2534 2338 2896 2405 conflictus

610 2468 724 2534 ille
783 2467 1113 2554 antiquus
1169 2467 1577 2555 opinionum
1635 2467 1819 2533 inter
1878 2467 2202 2533 mortales
2265 2488 2482 2552 usque
2537 2465 2706 2532 adeo
2751 2485 2893 2530 non

608 2592 1213 2681 percrebresceret:
1252 2592 1374 2660 ubi
1412 2593 1511 2660 sic
1546 2592 2027 2680 generationes
2054 2614 2288 2658 omnes
2318 2591 2636 2658 omnibus
2661 2589 2897 2657 adver-

608 2729 877 2806 santur,
915 2729 995 2787 ut
1031 2722 1347 2807 singulae
1383 2721 1804 2807 reliquarum
1842 2720 2151 2788 omnium
2199 2719 2454 2786 iudicio
2489 2741 2632 2785 non
2669 2718 2899 2783 minus

607 2847 983 2935 desipiant,
1031 2870 1239 2933 quam
1293 2848 1430 2914 sibi
1475 2871 1640 2935 prae
1697 2849 2017 2915 omnibus
2064 2848 2380 2936 singulae
2425 2869 2664 2934 sapere
2699 2869 2898 2934 posse

481 2982 564 3044 10
607 2996 1011 3061 persuasum
1069 2973 1348 3039 habent.
1410 2974 1518 3038 Ex
1578 2973 1663 3040 iis
1722 2974 2334 3040 tenebricosissimi
2382 2973 2665 3059 quique,
2714 2980 2793 3037 ut
2830 2979 2900 3037 et

607 3124 770 3169 vero
818 3102 1149 3168 illustrati
1187 3102 1448 3168 lumine
1495 3103 1570 3167 in
1615 3101 1881 3168 coelum
1927 3102 2128 3168 elatis
2173 3102 2388 3168 oculis
2435 3108 2642 3187 atque
2689 3102 2903 3167 mani·

608 3228 762 3313 bus,
800 3229 886 3295 de
922 3229 1100 3312 luce,
1140 3236 1347 3316 portu
1394 3236 1464 3293 et
1520 3228 1722 3296 domo
1767 3228 2086 3296 veritatis
2133 3228 2266 3295 sibi
2315 3228 2757 3317 peculiariter
2802 3250 2902 3293 re-

606 3355 883 3438 velatis,
920 3353 1333 3440 conquisitis
1370 3361 1439 3418 et
1476 3353 1759 3420 incultis
1798 3359 2020 3437 (extra
2058 3377 2234 3441 quae
2271 3354 2758 3421 universitates
2795 3376 2897 3419 re-

604 3484 836 3570 liquae
875 3483 1289 3568 caecutiunt,
1314 3482 1674 3566 fluctuant,
1699 3484 2258 3571 peregrinantur)
2282 3507 2366 3549 ex
2391 3483 2640 3549 intimo
2673 3482 2896 3550 cordis

478 3614 561 3679 15
605 3613 867 3699 gratias
900 3618 1119 3698 agunt
1153 3608 1530 3694 Altissimo,
1562 3615 1569 3695 1
1605 3632 1852 3697 nempe
1890 3611 1978 3676 ad
2015 3611 2201 3698 ipsos
2237 3617 2512 3677 tantum
2552 3633 2897 3696 converso,

606 3737 861 3806 blando
901 3736 1089 3825 patri
1131 3742 1201 3800 et
1236 3734 1422 3801 vitae
1456 3736 1917 3822 sempiternae
1949 3736 2384 3820 retributori3
2415 3737 2503 3802 ab
2542 3737 2698 3802 aliis
2735 3759 2898 3803 vero

606 3862 926 3930 omnibus
963 3862 1039 3926 in
1076 3867 1433 3927 aeternum
1487 3860 1855 3927 destinatis
1915 3862 2280 3929 interitum
2336 3885 2602 3949 averso,
2643 3862 2901 3929 abomi-

605 3989 832 4073 nanti,
871 3988 1150 4073 immiti,
1188 4009 1392 4054 saevo
1439 3986 1653 4053 iudici
1690 3996 1760 4053 et
1807 3988 2037 4055 ultori.
2084 3989 2333 4075 Itaque
2381 3990 2464 4055 de
2501 3997 2646 4055 tam
2683 3989 2899 4056 variis

604 4121 673 4181 et
710 4113 1166 4182 diversimode
1204 4113 1407 4179 sectis
1444 4113 1897 4200 opinantibus
1927 4115 2133 4201 longe
2164 4115 2482 4202 pluribus
2518 4138 2720 4201 quam
2756 4116 2900 4181 sint

472 4248 562 4311 ΞΟ
606 4248 814 4329 atque
858 4242 1122 4309 fuerint
1169 4242 1244 4306 in
1291 4241 1549 4309 mundo
1595 4242 2103 4328 generationeS,
2151 4250 2230 4309 ut
2276 4244 2469 4309 nulla
2516 4250 2619 4309 est
2675 4266 2899 4330 neque

606 4368 747 4434 ulla
792 4368 931 4435 fuit
977 4369 1236 4455 absque
1280 4368 1562 4457 proprio
1602 4369 1834 4455 aliquo
1884 4370 2075 4436 cultu
2113 4378 2322 4456 atque
2361 4370 2757 4458 disciplina,
2798 4372 2899 4438 ita

607 4516 748 4561 non
785 4503 889 4562 est
928 4519 1102 4582 quae
1134 4498 1447 4581 (caeteris
1494 4498 1923 4583 contemptui
1969 4497 2251 4580 habitis)
2289 4499 2547 4585 primas
2588 4500 2719 4565 sibi
2759 4523 2898 4565 non

2933 826 3078 889 a2

2936 2206 2953 2217 υ

2917 2236 2932 2247 υ

2945 3612 3142 3676 aav
