3738 5268
833 495 950 553 194
1429 506 1706 552 mabar
1747 505 1951 550 sarm
1992 505 2085 549 m:
2122 504 2393 565 ummo,
2440 506 2508 550 Π.

832 661 1442 723 contradictoriomm
1477 679 1707 737 verum,
1737 661 2046 739 capiatur:
2072 678 2148 720 ex
2169 661 2582 740 potentiarum
2608 681 2759 722 vero
2786 661 3003 737 latere,
3028 662 3131 721 vel

831 777 1218 858 simpliciter,
1257 778 1356 837 vel
1395 776 1473 837 ad
1509 788 1789 856 tempus,
1826 777 1929 837 vel
1963 776 2043 836 ad
2078 797 2299 854 genuS,
2332 777 2434 837 vel
2468 776 2550 836 ad
2583 777 2883 856 speciem,
2920 778 3020 837 vel
3048 777 3130 836 ad

834 893 1150 955 individua
1182 893 1436 955 definita
1471 912 1610 953 esse
1647 893 1873 952 bonum
1915 902 1979 952 et
2020 893 2273 972 malum,
2309 893 2489 953 dulce
2534 904 2599 953 et
2646 914 2945 971 amarum,
2980 894 3133 953 utile

835 1020 900 1073 et
947 1010 1190 1095 inutile,
1245 1020 1308 1070 et
1361 1029 1553 1089 penes
1601 1010 1817 1070 horum
1875 1008 2345 1070 affirmationem
2381 1020 2445 1070 et
2486 1010 2878 1088 negationem
2920 1030 3132 1070 verum

748 1120 790 1183 ἴ)
835 1138 1017 1205 atque
1055 1125 1297 1187 falsum.
1335 1126 1572 1199 Quibus
1595 1126 1711 1185 rite
1735 1125 2081 1204 perspectis
2117 1126 2469 1186 facillimum
2506 1128 2627 1188 erit
2658 1127 2971 1203 colligere,
3012 1147 3137 1185 non

833 1245 1024 1307 ullum
1053 1264 1192 1306 esse
1225 1244 1326 1321 qui
1359 1243 1536 1304 fallat
1567 1243 1903 1305 fallatur-ve
1939 1264 2223 1321 sensum3
2258 1245 2750 1322 quandoquidem
2784 1265 3030 1323 semper
3055 1243 3136 1304 de

838 1362 1086 1442 proprio
1119 1362 1362 1422 obiecto
1418 1380 1529 1440 pro
1567 1380 1676 1421 suo
1730 1360 1995 1436 modulo,
2043 1363 2143 1439 qui
2196 1362 2472 1442 propria,
2508 1381 2657 1423 vera
2710 1374 2775 1421 et
2815 1361 2996 1420 unica
3035 1368 3136 1420 est

837 1498 1137 1555 mensura,
1174 1478 1487 1539 diiudicat.
1527 1477 1770 1558 Quippe
1804 1478 1991 1539 etiam
2034 1479 2355 1539 sensibilia
2408 1479 2487 1538 ad
2521 1498 2767 1539 sensum
2804 1488 2869 1538 et
2910 1498 3130 1539 sensus

836 1595 916 1655 ad
947 1594 1265 1657 sensibilia
1300 1596 1469 1655 iuxta
1511 1594 1677 1655 aliud
1721 1594 1940 1655 melius
1992 1596 2095 1655 vel
2130 1595 2405 1656 deterius
2454 1595 2738 1656 veritatis
2770 1614 2968 1671 genus
3007 1614 3130 1655 nou

713 1708 792 1772 10
837 1711 1255 1789 conferuntur,
1319 1712 1560 1790 quando
1619 1711 1697 1772 de
1754 1712 1988 1772 eisdem
2054 1730 2254 1790 neque
2317 1713 2477 1773 ratio
2530 1732 2728 1788 neque
2776 1712 3130 1773 intellectus

835 1848 1034 1907 neque
1057 1849 1228 1891 mens
1249 1829 1562 1908 quippiam
1596 1848 1970 1906 cognoscere
2006 1835 2215 1907 potest
2239 1830 2342 1889 vel
2370 1827 2642 1905 definire,
2666 1827 2958 1905 quidquid
2992 1848 3130 1905 gar-

838 1946 1002 2007 riant
1031 1945 1298 2024 propriis
1344 1954 1409 2005 et
1447 1944 1725 2005 ridiculis
1761 1944 1886 2004 illis
1936 1944 2453 2006 distinctiunculis
2498 1944 3004 2024 importunissimi
3041 1964 3134 2003 so-

847 2063 1107 2143 phistae.
1133 2064 1336 2124 Minus
1359 2062 1517 2124 enim
1537 2062 1695 2122 ratio
1719 2069 1929 2139 potest
1946 2062 2022 2124 de
2047 2064 2351 2124 coloribus
2374 2063 2644 2123 iudicare
2663 2083 2840 2138 quam
2857 2061 3130 2137 auditus,

840 2180 1032 2239 veluti
1090 2179 1196 2239 illa
1248 2179 1309 2239 in
1353 2178 1471 2238 alio
1526 2177 1899 2255 cognitionis
1953 2198 2201 2256 genere,
2243 2179 2361 2239 iste
2424 2179 2669 2239 veroin
2703 2178 2825 2237 alia
2861 2176 3134 2238 eiusdem

719 2298 798 2361 15
843 2297 1088 2373 generis
1124 2297 1332 2376 specie
1368 2315 1504 2356 esse
1549 2294 1913 2383 dinoscitur,
1958 2303 2020 2357 et
2063 2296 2297 2375 stupidi
2332 2303 2428 2357 est
2466 2296 2781 2357 discursus
2814 2295 2978 2356 velle
3006 2313 3136 2355 sen·

845 2413 1045 2473 sibilia
1083 2412 1160 2474 ad
1193 2412 1448 2474 eandem
1482 2412 1892 2473 conditionem
1940 2413 2307 2491 cognitionis
2340 2434 2632 2476 revocare
2652 2410 2889 2496 [velle],
2921 2413 2982 2471 in
3017 2432 3136 2490 qua

848 2530 1292 2591 ratiocinabilia
1315 2538 1377 2590 et
1398 2529 1813 2609 intelligibilia
1843 2537 2188 2591 cernuntur.
2219 2531 2547 2591 Sensibilia
2569 2532 2792 2609 quippe
2822 2548 2970 2591 vera
2994 2536 3139 2589 sunt

848 2671 968 2711 non
996 2650 1163 2709 iuxta
1193 2668 1572 2709 communem
1602 2647 1865 2726 aliquam
1898 2659 1961 2710 et
1991 2649 2401 2712 universalem
2429 2670 2800 2727 mensuram,
2829 2647 2941 2709 sed
2970 2648 3139 2707 iuxta

849 2770 1313 2848 homogeueam‚
1345 2768 1805 2849 particularem,
1829 2769 2167 2848 propriam,
2203 2769 2553 2830 mutabilem
2576 2777 2757 2847 atque
2777 2767 3139 2829 variabilem

717 2887 805 2951 20
851 2906 1209 2948 mensuram.
1251 2885 1343 2946 De
1379 2883 1773 2976 sensibilibus
1810 2903 1974 2961 erg0,
2014 2905 2133 2961 qua
2167 2885 2483 2945 sensibilia
2512 2893 2671 2963 sunt,
2709 2883 3139 2945 universaliter

853 3003 1014 3068 velle
1051 3003 1438 3082 definire„in
1490 3022 1683 3081 aequo
1743 3010 1840 3063 est
1896 3011 2077 3078 atque
2126 3004 2201 3064 de
2245 3003 2737 3081 intelligibilibus
2770 3004 2906 3065 vice
2959 3023 3141 3066 versa

853 3120 1248 3184 sensibiliter.
1306 3118 1482 3180 Circa
1533 3129 1734 3181 actum
1786 3118 1934 3180 item
1987 3139 2205 3181 sensus
2248 3120 2572 3182 exterioris
2624 3120 2924 3200 perfectio
2971 3121 3142 3181 iuxta

855 3259 999 3301 suos
1033 3239 1260 3316 gradus
1295 3257 1434 3300 esse
1469 3244 1678 3318 potest
1712 3246 1895 3313 atque
1940 3235 2250 3317 defectus,
2296 3238 2526 3300 veritas
2570 3246 2771 3301 autem
2816 3248 2998 3316 atque
3032 3239 3141 3298 fal-

858 3355 1042 3434 sitas,
1081 3374 1234 3431 quae
1269 3355 1330 3415 in
1366 3353 1694 3415 collatione
1732 3353 1993 3414 subiecti
2028 3353 2105 3413 ad
2142 3355 2494 3431 passionem
2549 3355 2858 3434 consistit,
2896 3356 3142 3416 minime

724 3472 808 3536 25
857 3472 1126 3552 quidem,
1166 3471 1404 3550 quando
1459 3470 1692 3534 veritas
1746 3480 1931 3548 atque
1967 3472 2210 3535 falsitas
2266 3475 2665 3535 enunciabilis
2700 3476 2759 3535 in
2795 3475 3024 3555 triplici
3066 3475 3143 3536 de

858 3591 1228 3654 necessitato
1281 3590 1567 3669 termino,
1638 3590 1770 3651 sive
1835 3591 1913 3650 de
1969 3590 2163 3668 primo
2219 3592 2352 3652 sive
2415 3592 2490 3653 de
2545 3593 2813 3654 secundo
2870 3595 3144 3672 capiatur

861 3711 1201 3788 adiacente,
1242 3708 1628 3787 comperitur.
1669 3707 1860 3768 Oculo
1898 3708 2058 3768 enim
2100 3709 2323 3788 lucem,
2370 3708 2634 3771 colorem
2679 3717 2860 3787 atque
2915 3719 3146 3771 motum

861 3828 1176 3905 videmus,
1213 3845 1422 3886 verum
1458 3833 1661 3886 autem
1699 3826 1872 3886 oculo
1907 3824 2120 3886 videre
2153 3848 2273 3887 non
2311 3849 2660 3907 possumus;
2690 3850 2886 3906 neque
2922 3829 3147 3890 etenim

863 3949 922 4007 in
961 3947 1137 4006 oculo
1177 3946 1270 4007 vis
1306 3965 1375 4006 ea
1411 3944 1532 4006 sita
1570 3952 1690 4021 est,
1731 3965 1849 4022 qua
1884 3945 2044 4006 hunc
2078 3965 2216 4007 esse
2252 3966 2463 4008 verum
2508 3948 2771 4009 colorem
2830 3948 3148 4027 lucemque

734 4065 820 4124 230
868 4083 1073 4125 veram
1119 4060 1549 4139 diiudicemus,
1613 4071 1674 4121 et
1720 4063 1796 4122 ab
1846 4064 2284 4142 apparentibus
2334 4065 2631 4125 eiusmodi
2680 4065 3143 4142 distinguamus,

869 4179 939 4239 Ei
984 4178 1083 4256 qui
1120 4177 1388 4238 affirmat
1423 4177 1726 4239 hominem
1763 4197 1902 4239 esse
1945 4180 2192 4257 animal,
2233 4201 2387 4259 opus
2422 4190 2518 4244 est
2553 4202 2925 4259 cognoscere
2958 4183 3147 4243 homi·

869 4316 1003 4354 uem
1039 4304 1100 4355 ot
1142 4293 1397 4371 animal,
1429 4302 1490 4353 et
1524 4294 1750 4353 homini
1787 4295 2013 4355 animal
2054 4296 2283 4376 inesse,
2324 4306 2387 4358 et
2428 4299 2548 4358 alia
2590 4319 2773 4377 quae,
2823 4309 2890 4359 ut
2946 4300 3150 4359 media

1059 4541 1074 4588 l
1118 4538 1376 4603 cupiatur
1405 4536 1534 4586 sarit
1564 4536 1634 4584 da
1665 4535 1960 4587 &mediare

655 4883 1034 5002 fx

1099 5077 1172 5160 ”x
