3738 5268
1364 540 1453 585 m:
1493 539 1906 587 mvmvmonn
1946 536 2191 584 amun.
2800 518 2918 579 255

1501 852 1809 920 CAPVT
1880 855 2075 920 VIII.

1561 1027 1793 1067 Secundus
1822 1027 1997 1067 modun.

815 1211 1192 1295 Postquam
1229 1208 1337 1273 bis
1376 1206 1557 1272 senis
1595 1206 1925 1272 disbincta
1964 1212 2069 1271 est
2106 1206 2408 1293 partibu'
2433 1205 2678 1293 primis

636 1328 782 1391 Aut
823 1327 957 1393 alio
997 1325 1240 1411 quovis
1273 1346 1561 1390 numero
1598 1324 1732 1389 tibi
1770 1332 1958 1390 recta
1998 1326 2119 1409 (1),
2162 1325 2457 1390 subinde

552 1446 593 1509 ὅ
637 1443 957 1529 Angulus
996 1445 1087 1525 (2)
1127 1443 1215 1507 ad
1247 1441 1504 1507 calcem
1542 1447 1769 1507 rectus
1808 1437 2160 1507 statuatin·
2198 1441 2285 1507 ab
2322 1464 2461 1506 una
2925 1454 3004 1515 p.
3037 1438 3217 1500 116

637 1559 845 1623 Parte
883 1560 974 1643 (3)
1016 1557 1284 1624 adiecta
1322 1556 1499 1641 illic,
1540 1556 1826 1642 reliquis
1860 1579 2036 1642 quae
2072 1563 2177 1622 est
2208 1578 2454 1641 aequa3
2493 1555 2780 1640 basique

637 1676 788 1740 Hac
825 1674 1242 1760 triquetrum
1281 1675 1373 1758 (4)
1409 1674 1558 1756 fiat,
1600 1680 1828 1739 rectus
1869 1673 1980 1739 cui
2012 1674 2309 1759 angulus
2346 1673 2461 1739 hic
2498 1679 2603 1740 est
2641 1675 2760 1757 (5);
2897 1701 2923 1741 5

638 1791 818 1856 Nam
850 1791 1034 1857 basis
1071 1798 1375 1856 extremo
1411 1792 1501 1875 (6)
1541 1791 1621 1856 fit
1659 1792 1866 1857 tertia
1906 1799 2091 1871 rect-a
2132 1793 2223 1875 (7)
2261 1790 2545 1877 fluenbe,

640 1905 770 1972 Cui
807 1908 865 1974 si
898 1930 1113 1993 aeque
1144 1907 1412 1973 distans
1449 1907 1634 1973 basis
1667 1931 1703 1972 e
1736 1930 2168 1994 quocumque
2206 1908 2480 1974 recedat

511 2023 596 2086 10
641 2025 936 2107 Puncto,
980 2046 1154 2108 quae
1191 2023 1280 2089 ad
1317 2030 1574 2088 sectam
1612 2023 1803 2089 fluxu
1839 2025 2235 2111 pertingat,
2277 2024 2352 2089 in
2390 2025 2510 2089 illa

643 2139 1007 2205 Subiectae
1044 2138 1229 2204 basis
1267 2138 1576 2203 inveniet
1613 2146 1884 2225 partem
1922 2161 2065 2204 esse
2104 2145 2445 2222 notatam,

641 2254 1056 2321 Adsimilare
1094 2276 1351 2320 novum
1390 2277 1513 2319 ceu
1552 2253 1813 2319 factum
1852 2262 1955 2320 est
1995 2254 2154 2319 inde
2192 2253 2550 2341 trigonum
2590 2256 2713 2338 (8),
2878 2286 2928 2322 10

644 2370 996 2435 Dissectae
1036 2370 1434 2455 mediusque
1472 2369 1656 2436 basis
1695 2371 1753 2436 si
1791 2376 2092 2457 punctus
2125 2372 2217 2454 (9)
2256 2370 2331 2436 in
2368 2362 2591 2458 ipsam

643 2489 949 2554 Incurrib
987 2496 1243 2554 sectam
1283 2491 1449 2574 (10),
1489 2489 1682 2555 fluxu
1720 2512 1937 2574 aeque
1974 2488 2295 2554 abstante
2334 2491 2471 2572 (11)
2514 2489 2777 2555 secabit:

519 2599 602 2664 15
647 2604 850 2670 Hanc
884 2604 1094 2670 etiam
1141 2604 1438 2670 mediam
1478 2606 1651 2688 (12);
1690 2604 1976 2692 paribus
2014 2604 2403 2670 rationibus
2443 2604 2575 2669 ibit

644 2723 704 2787 Ε
742 2745 1151 2808 quocunque
1188 2722 1373 2788 basis
1411 2722 1786 2788 demanans
1821 2722 2005 2788 linea
2043 2728 2305 2808 puncto
2339 2723 2505 2804 (13),
2546 2728 2625 2787 ut

645 2838 822 2904 Acta
844 2839 1172 2925 parallela
1193 2839 1329 2922 (14)
1354 2838 1441 2904 ad.
1473 2845 1728 2904 sectam
1757 2840 1885 2926 (15)
1917 2839 2220 2924 reliquae
2246 2837 2505 2903 indicet,
2534 2837 2679 2903 illic
2712 2838 2850 2921 (16)
2882 2864 2932 2905 15

645 2955 1020 3042 Expressas
1056 2960 1287 3041 partes
1327 2955 1490 3038 (17),
1533 2977 1706 3041 quae
1746 2962 1908 3021 sunt
1939 2955 2051 3021 hic
2088 2954 2267 3020 forte
2305 2955 2618 3020 latentes.

648 3070 846 3148 Quod
884 3070 942 3135 si
980 3070 1328 3136 residuum
1363 3070 1706 3156 quoddam
1743 3079 1846 3137 est
1884 3073 2156 3138 ultrove
2195 3070 2484 3155 citrove,

514 3189 602 3254 20
646 3186 824 3250 Tum
860 3186 1080 3272 partis
1117 3192 1350 3272 partes
1381 3185 1605 3252 forma
1642 3187 1988 3273 spectabis
2025 3186 2262 3252 eadem

647 3302 954 3367 Rursum
992 3302 1199 3368 aliam
1238 3283 1448 3388 atoue
1480 3303 1688 3367 aliam
1728 3304 1996 3388 quotics
2036 3326 2207 3390 opus
2247 3326 2391 3369 esse
2428 3303 2734 3386 videbis;

645 3419 823 3484 Nam
855 3418 1060 3506 parili
1099 3442 1255 3484 cum
1293 3425 1476 3484 sorte
1513 3420 1706 3483 venit
1741 3442 2211 3506 quaecumque
2244 3419 2565 3506 deinceps
2880 3446 2932 3483 20

644 3535 817 3599 Pars
854 3541 1086 3620 partes
1125 3534 1295 3599 alias
1336 3534 1617 3620 capiens
1655 3535 1790 3600 sibi
1830 3534 2333 3604 consimilares..

807 3721 1124 3783 Secundus
1192 3722 1406 3782 modus
1473 3723 1716 3784 facilior
1780 3744 1850 3784 ac
1916 3724 2132 3784 melior
2196 3723 2556 3800 designatur
2599 3723 2762 3800 heic,
2829 3722 2935 3781 ubi

512 3840 598 3904 25
649 3841 677 3896 1
716 3846 887 3898 recta
922 3838 1063 3922 AB,
1113 3841 1151 3897 2
1203 3839 1463 3914 angulus
1518 3839 1712 3916 ABG,
1769 3840 1806 3898 3
1856 3859 1978 3899 una
2029 3860 2173 3918 pars
2208 3839 2449 3899 adiecta
2491 3839 2628 3915 BG,
2664 3841 2704 3897 4
2756 3836 2938 3896 trian-

644 3955 825 4033 gulus
861 3952 1053 4031 ABG,
1093 3956 1130 4014 5
1164 3955 1424 4031 angulus
1457 3961 1664 4015 rectus
1698 3955 1760 4014 in
1796 3962 2019 4035 puncto
2066 3955 2143 4029 B,
2194 3957 2231 4013 6
2276 3961 2613 4014 extremum
2652 3952 2821 4013 basis
2857 3952 2930 4029 O,

648 4073 682 4131 7
738 4073 922 4131 tertia
974 4080 1146 4131 costa
1191 4071 1320 4148 CA,
1375 4074 1414 4130 8
1471 4072 1817 4150 triangulus
1873 4063 2039 4130 EBF
2086 4080 2149 4131 et
2210 4071 2385 4129 GBD
2440 4069 2935 4149 proportionales

650 4187 954 4265 triangulo
978 4188 1162 4264 ABG,
1183 4191 1219 4247 9
1252 4186 1491 4247 medius
1519 4188 1689 4247 basis
1719 4195 1982 4266 punctus
2009 4187 2086 4266 D,
2119 4190 2195 4248 10
2223 4193 2395 4249 secta
2423 4187 2509 4266 (in
2534 4205 2712 4263 quam
2734 4183 2933 4244 influit

649 4309 913 4379 punctus
946 4303 1077 4378 ille)
1114 4304 1245 4379 AB,
1296 4306 1362 4362 11
1405 4303 1602 4363 fluxus
1636 4323 1747 4363 seu
1781 4304 1946 4363 linea
1977 4304 2275 4381 parallelo.
2318 4303 2441 4380 ipsi
2493 4300 2605 4361 AC
2655 4308 2753 4360 est
2794 4300 2929 4378 GD,

837 4475 899 4523 10
925 4490 949 4523 c
976 4476 1036 4524 1⁷
1069 4475 1357 4524 adsectam
1483 4474 1542 4523 13
1577 4474 1845 4526 Disectae
1970 4476 2031 4523 27
2065 4477 2209 4525 EBF
2238 4483 2296 4523 et
2326 4474 2499 4541 GBD]
2530 4475 2674 4524 EBD
2699 4481 2755 4522 et
2784 4474 2930 4523 GBF

654 4555 812 4605 2829
843 4553 1092 4604 abbiamo
1119 4554 1370 4620 ayyiunte
1406 4555 1449 4603 le
1479 4553 1760 4619 parentesi
1884 4554 1949 4604 28
1982 4555 2215 4622 inquam
2341 4556 2404 4606 29
2437 4553 2557 4624 GD]
2587 4555 2676 4604 GE
