3738 5268
851 454 967 513 192
1451 472 1729 519 mamm
1766 473 1969 518 anm
2014 475 2100 519 m:
2141 475 2410 539 amnuo,
2454 477 2521 522 11.

846 645 959 704 pro
993 646 1105 686 sua
1132 625 1538 706 dispositione
1574 628 1802 706 aliquid
1839 630 1957 690 sibi
1992 630 2205 691 videre
2249 631 2553 709 videntur,
2591 651 2753 707 quae
2804 631 2944 691 aliis
3000 632 3148 692 visi·

850 742 997 804 bilia
1038 762 1160 802 non
1201 751 1362 804 sunt.
1409 745 1493 805 Et
1534 753 1823 823 aegrotus
1868 747 1946 807 de
1999 749 2186 808 rebus
2240 748 2459 825 quibus
2508 748 2668 807 male
2722 747 2983 807 afficitur
3015 768 3137 809 non
3186 776 3195 783 ¹

843 859 1023 919 aliter
1065 870 1279 939 posset
1312 862 1611 940 iudicare,
1652 864 1705 924 si
1747 871 2137 944 praesentem
2189 874 2454 943 nequeat
2496 865 2966 945 dispositionem
2999 885 3135 924 cum

841 996 992 1037 sana
1026 997 1420 1058 comparare;
1458 981 1570 1041 sed
1622 981 1712 1042 ita
1752 1001 1828 1041 ex
1862 983 2164 1044 communi
2203 983 2429 1044 iudicio
2467 983 2545 1043 de
2588 985 2773 1044 rebus
2807 989 3133 1060 assereret,

755 1092 797 1157 ὃ
845 1094 1004 1155 sicut
1027 1116 1065 1155 a
1100 1095 1426 1157 nativitate
1462 1098 1645 1176 caeci,
1703 1097 2054 1160 nescientes
2088 1099 2252 1176 quod
2300 1099 2537 1179 dicunt,
2576 1099 2654 1161 de
2708 1099 3016 1160 coloribus
3057 1118 3134 1160 ex

841 1213 1288 1276 consuetudine
1324 1214 1615 1275 audiendi
1645 1215 2062 1296 disputabunt.

1002 1335 1036 1382 Ἥ
1075 1334 1249 1394 Haec
1271 1333 1472 1394 omnia
1501 1341 1570 1394 ut
1591 1335 1769 1397 unius
1803 1336 2103 1398 tenuitate
2136 1336 2224 1396 fili
2253 1338 2623 1414 consistunt,
2656 1335 2746 1397 ita
2770 1343 2833 1395 et
2860 1334 3132 1397 eiusdem

841 1452 1107 1530 simplici
1145 1453 1561 1533 amputatione
1596 1452 1912 1515 tolluntur.
1947 1455 2118 1515 Alibi
2153 1456 2338 1516 latius
2372 1463 2437 1517 et
2475 1455 2754 1535 pluribus
2796 1474 2977 1530 quam
3020 1473 3131 1533 par

845 1588 983 1629 esse
1039 1567 1329 1631 videatur
1384 1570 1717 1647 exegimus,
1775 1573 1864 1631 At
1914 1572 2004 1632 rei
2056 1572 2289 1633 veritas
2344 1570 2509 1650 apud
2570 1591 2707 1648 eoS,
2763 1571 2867 1648 qui
2920 1570 3130 1631 oculos

719 1691 801 1754 10
846 1686 1070 1748 mentis
1105 1687 1351 1767 habent,
1389 1687 1575 1749 altius
1611 1687 1892 1768 simplice
1935 1695 2197 1767 aptaque
2241 1685 2500 1766 quadam
2536 1685 2906 1746 indicatione
2939 1684 3132 1763 aperi·

843 1814 968 1880 tur,
1018 1805 1190 1866 cuius
1236 1806 1328 1866 rei
1370 1806 1740 1886 principium
1793 1828 1830 1867 a
1882 1807 2261 1867 correctione
2316 1807 2548 1865 formae
2603 1802 2891 1881 loquendi
2948 1802 3128 1864 desu-

845 1934 1068 2003 matur3
1111 1926 1610 2005 circumspectius
1654 1927 1815 1987 enim
1858 1928 2180 2005 loquentes
2223 1947 2342 1986 non
2385 1926 2592 1987 dicent
2640 1929 2752 1987 hoc
2793 1929 2935 1985 bene
2980 1928 3125 2002 olet,

843 2049 955 2108 hoc
989 2051 1132 2107 bene
1172 2054 1363 2124 sapit,
1403 2048 1545 2107 benc
1581 2054 1791 2124 sonat,
1832 2050 2155 2125 pulchrum
2199 2048 2375 2106 habet
2419 2051 2749 2123 specimen,
2785 2043 2897 2106 sed
2938 2043 3127 2104 addet

842 2165 1009 2241 mihi,
1040 2184 1219 2242 nunc,
1257 2165 1612 2240 aliquando.
1652 2162 2084 2225 Considerabit
2108 2164 2257 2222 item
2285 2164 2511 2222 bonum
2543 2168 2605 2222 et
2633 2159 2885 2236 malum,
2919 2159 3124 2219 iocun-

713 2279 796 2344 15
843 2278 986 2341 dum
1031 2289 1094 2341 et
1146 2281 1499 2358 molestum,
1552 2280 1868 2360 pulchrum
1924 2301 1994 2341 ac
2036 2289 2215 2360 turpe
2258 2279 2410 2339 nihil
2464 2298 2601 2339 esse
2654 2277 3015 2356 simpliciter
3062 2286 3126 2337 et

842 2400 1152 2477 absolute,
1190 2398 1302 2459 sed
1335 2398 1550 2459 horum
1592 2399 1887 2475 quaedam
1925 2398 2003 2458 ad
2046 2398 2250 2460 varias
2286 2398 2509 2458 collata
2560 2396 2801 2476 species
2859 2404 2922 2457 et
2968 2396 3119 2457 indi·

842 2514 1028 2576 vidua
1088 2514 1301 2576 eadem
1352 2514 1567 2576 eodem
1619 2536 1687 2577 se
1749 2514 2043 2576 habentia
2102 2515 2284 2575 modo
2350 2514 2626 2575 subiecta
2693 2513 3032 2574 contrarias
3086 2534 3123 2574 a

842 2633 1123 2695 sensibus
1156 2632 1591 2694 nanciscuntur
1625 2633 2172 2711 denominationes»,
2196 2633 2354 2694 sicut
2375 2641 2437 2693 et
2457 2653 2524 2694 re
2558 2653 2705 2693 vera
2740 2634 2877 2714 oon}
2898 2632 3121 2693 trarios
3168 2650 3250 2712 p.
3276 2636 3445 2706 59,

840 2752 1133 2813 inducunt
1167 2752 1450 2829 affectus,
1489 2752 1581 2813 sol
1616 2760 1678 2813 et
1710 2753 1855 2813 luna
1891 2751 1968 2811 ad
2003 2759 2249 2812 nostros
2284 2751 2493 2812 oculos
2535 2757 2679 2812 sunt
2717 2751 2949 2811 maiora
2983 2751 3122 2812 aliis

709 2869 797 2934 ‘20
841 2870 1051 2948 astris,
1091 2878 1153 2932 et
1186 2891 1259 2931 ex
1294 2871 1414 2931 isto
1450 2870 1584 2931 loco
1614 2890 1806 2951 parva
1840 2878 2186 2930 cernuntur.
2220 2868 2610 2948 Quapropter
2643 2868 2796 2929 haec
2831 2869 3030 2930 omnia
3059 2879 3122 2932 et

837 2991 958 3051 alia
991 2990 1256 3063 nomina,
1295 3008 1450 3066 quae
1485 2989 1562 3050 ad
1599 2989 1751 3050 haec
1787 2997 1849 3050 et
1883 2989 2109 3050 similia
2144 3006 2370 3066 genera
2412 2987 2808 3064 reducuntur,
2859 2987 3123 3048 relativa

839 3115 983 3169 sunt
1031 3106 1363 3168 secundum
1413 3106 1774 3182 dictionem;
1818 3105 2154 3167 secundum
2186 3125 2317 3165 rem
2351 3111 2551 3164 autem
2584 3104 2782 3163 relata
2815 3103 3122 3165 censenda

839 3234 998 3304 sunt,
1035 3245 1446 3303 quaecumque
1482 3245 1593 3304 per
1635 3226 1849 3285 eadem
1891 3225 2136 3284 nomina
2166 3222 2569 3302 significanda
2599 3222 2869 3283 veniunt.
2906 3222 3123 3298 Neque

839 3366 972 3406 cum
1029 3345 1236 3425 plures
1280 3345 1404 3404 sint
1457 3363 1820 3421 organorum
1875 3343 2334 3423 dispositioneS,
2397 3340 2518 3400 ista
2573 3338 2933 3418 simpliciter
2966 3341 3122 3402 bene

704 3458 789 3521 25
836 3462 1100 3540 habere,
1136 3461 1243 3521 illa
1279 3480 1424 3522 vero
1459 3460 1642 3536 male,
1688 3461 1949 3520 honesta
1990 3462 2137 3519 item
2180 3467 2243 3519 et
2275 3458 2601 3519 inhonesta
2650 3457 2910 3518 dicenda
2953 3463 3120 3535 sunt3

836 3583 1038 3659 palam
1087 3580 1246 3642 enim
1291 3581 1491 3659 coire,
1539 3581 1740 3641 virilia
1786 3582 1970 3642 etiam
2022 3589 2236 3661 aperte
2294 3589 2535 3641 arrecta
2589 3579 2817 3640 nudato
2862 3599 3121 3658 corpore

837 3700 1230 3761 circumferre
1271 3721 1393 3760 non
1447 3708 1543 3761 est
1598 3700 1879 3759 omnibus
1942 3699 2312 3759 animantum
2364 3698 2691 3777 speciebus
2755 3719 2947 3776 neque
3004 3697 3120 3760 toti

838 3817 1146 3878 hominum
1180 3819 1390 3896 generi
1424 3817 1793 3894 indecorum,
1822 3825 1999 3895 turpe
2023 3825 2087 3877 et
2118 3816 2529 3893 inhonestum,
2554 3815 2666 3876 sed
2694 3814 3055 3893 quibusdam
3085 3837 3123 3876 a

837 3941 1068 4011 natura,
1105 3935 1465 4012 quibusdam
1502 3954 1646 3995 vero
1682 3934 1819 3994 aliis
1849 3954 1886 3993 a
1921 3933 2357 3994 consuetudine
2391 3930 2556 3992 facta
2579 3940 2721 3991 sunt
2742 3931 3119 4008 huiusmodi3

706 4048 793 4110 30
839 4058 902 4110 et
936 4051 1074 4111 aliis
1101 4053 1572 4129 exsurgentibus
1609 4053 1993 4132 opinionibus
2023 4053 2171 4114 etin
2207 4052 2715 4114 existimationem
2753 4052 3116 4130 optimarum

840 4167 1185 4247 opinionum
1221 4170 1714 4248 succedentibUS,
1748 4170 1963 4232 eadem
1997 4171 2157 4251 apud
2192 4170 2459 4230 Druidas
2495 4177 2559 4229 et
2586 4170 2805 4247 Magos
2837 4170 2900 4228 in
2926 4169 3119 4229 forma

839 4285 1270 4346 sacrificiorum
1295 4306 1495 4347 coram
1524 4288 1748 4367 populo
1772 4288 2042 4366 colenda,
2076 4296 2258 4364 atque
2286 4288 2372 4347 uti
2404 4287 2627 4348 decora
2650 4295 2831 4362 atque
2860 4286 3119 4346 iocunda

1028 4515 1087 4563 10
1120 4513 1332 4564 habent
1359 4513 1532 4565 altius
1662 4517 1720 4566 13
1741 4516 1896 4576 forse
1924 4532 2029 4566 non
2054 4515 2078 4565 ὓ
2106 4514 2398 4566 necessario
2420 4530 2725 4582 correyycrc
2749 4513 2961 4564 addent
