3738 5268
1378 499 1466 541 DE
1504 495 1729 543 mmm
1769 499 2182 546 mmmmm.
2808 488 2917 546 181

641 653 968 737 Undique
1004 676 1132 740 par
1169 675 1332 739 ergo
1372 662 1501 735 est,
1540 677 1816 720 versum
1855 677 2267 741 quocunque
2305 662 2375 719 et
2413 654 2695 740 ubique.

643 767 1082 855 Sphaeraque
1121 791 1261 834 non
1299 769 1547 855 recipit
1585 770 1769 835 finiti
1807 770 2256 835 differitatem

640 883 925 968 Absque
962 883 1251 970 infiniti,
1290 885 1428 950 nisi
1464 886 1689 972 prima
1728 886 2027 951 absurda
2064 886 2368 974 petenti;
2872 916 2923 952 20

644 998 778 1064 Sed
815 1000 983 1065 satis
1021 1007 1125 1066 est
1161 1000 1464 1067 medium
1497 1001 1683 1087 quod
1718 1023 1846 1088 par
1885 1002 1976 1066 sit
2013 1001 2101 1067 ad
2138 1002 2369 1068 omnia
2409 1003 2665 1068 circum
2699 1052 2713 1083 ,

550 1113 592 1176 5
638 1114 839 1181 Unde
878 1115 1233 1181 infinitum
1270 1140 1355 1181 ex
1393 1124 1539 1182 toto
1578 1116 1939 1203 sphaeram
1977 1140 2120 1182 esse
2160 1140 2434 1182 necesse
2471 1126 2592 1182 est.

642 1227 867 1307 Quare
903 1230 1196 1297 alicuius
1234 1232 1365 1297 erit
1404 1238 1743 1317 quantum
1783 1232 2265 1319 quodcumque
2303 1232 2600 1319 figurae,

645 1346 743 1410 Ut
779 1345 1068 1432 sphaera
1105 1352 1175 1412 et
1212 1347 1446 1434 cyclus
1484 1347 1770 1414 minima
1807 1357 1878 1413 et
1916 1372 2122 1435 super
2159 1349 2389 1415 omnia
2429 1356 2708 1434 quanta.

801 1567 992 1628 Omne
1049 1568 1556 1631 dimensionatum
1602 1571 1856 1633 alicuius
1911 1578 2008 1633 est
2060 1571 2324 1650 figurae,
2383 1583 2445 1631 et
2494 1571 2912 1648 quodcumque
2959 1570 3211 1646 p.49

637 1682 1027 1764 infiguratum
1054 1687 1409 1764 credideris,
1448 1708 1567 1749 non
1598 1698 1695 1749 est
1728 1689 1891 1766 quod
1922 1690 2039 1749 hoc
2074 1690 2151 1750 de
2186 1708 2414 1767 genere
2458 1697 2751 1768 quantum
2781 1709 2920 1769 pos-

511 1805 595 1867 10
640 1801 726 1861 sis
773 1820 1071 1862 asserere.
1109 1802 1261 1862 Cum
1303 1803 1508 1880 quanti
1565 1804 1953 1866 differentiae
2008 1806 2133 1866 sint
2185 1805 2424 1865 finitum
2477 1814 2541 1866 et
2592 1805 2925 1883 infinitum,

636 1938 755 1978 non
791 1928 1092 1998 repugnat
1124 1920 1348 1980 rationi
1377 1921 1740 2001 simpliciter
1780 1924 2002 2001 magni,
2034 1923 2195 2001 quod
2234 1931 2331 1984 est
2373 1924 2752 2001 universum,
2786 1942 2926 1983 esse

636 2036 964 2115 infinitum,
1001 2038 1121 2098 imo
1157 2039 1363 2117 potius
1398 2059 1537 2101 esse
1569 2041 1978 2103 terminatum.
2005 2041 2182 2114 Quod
2201 2062 2336 2102 cum
2365 2043 2455 2103 ita
2488 2042 2599 2120 sit,
2635 2062 2756 2101 non
2785 2041 2924 2101 ideo

638 2155 864 2215 nullius
896 2155 1277 2234 intelligetur
1311 2176 1448 2218 esse
1482 2158 1747 2234 figurae,
1787 2158 1900 2219 sed
1942 2159 2331 2238 sphaericae,
2392 2179 2549 2237 quae
2605 2158 2738 2219 sola
2793 2159 2926 2218 iufi-

637 2273 768 2333 nito
803 2273 1114 2350 congruit,
1156 2294 1192 2334 a
1227 2294 1344 2350 qua
1378 2273 1533 2334 finiti
1569 2274 1891 2353 sphaerica
1934 2274 2176 2354 differt,
2233 2276 2515 2352 quoniam
2571 2276 2925 2337 indifferen-

510 2386 593 2448 15
638 2388 786 2448 tiam
831 2397 894 2450 et
946 2390 1377 2467 aequalitatem
1433 2391 1894 2470 dimensionum,
1932 2413 2109 2469 quam
2164 2391 2400 2453 finitum
2454 2393 2641 2453 habet
2693 2393 2770 2453 ab
2806 2412 2924 2451 uno

641 2514 884 2584 punem,
921 2506 1221 2568 infinitum
1254 2509 1443 2569 habet
1472 2511 1548 2569 ab
1580 2509 1764 2583 omni;
1808 2508 1950 2568 ideo
1994 2508 2295 2570 infinitum
2331 2515 2429 2569 est
2462 2508 2826 2588 simpliciter
2861 2516 2924 2568 et

639 2631 836 2685 totum
878 2630 941 2685 et
975 2625 1307 2687 secundum
1336 2647 1431 2700 se,
1466 2625 1629 2704 quod
1664 2625 1901 2687 finitum
1935 2634 2032 2687 est
2072 2625 2405 2687 secundum
2435 2625 2605 2704 quid,
2639 2647 2713 2686 ex
2748 2633 2924 2705 parte

639 2740 842 2816 aliqua
877 2749 940 2802 et
973 2762 1084 2821 per
1125 2750 1440 2803 externum
1475 2741 1801 2822 quippiam.
1838 2742 1925 2802 In‘
1957 2742 2192 2803 infinito
2230 2743 2388 2802 enim
2444 2742 2577 2802 solo
2622 2748 2919 2820 centrum,

639 2858 802 2935 quod
856 2867 952 2920 est
1003 2860 1161 2921 ratio
1205 2861 1544 2941 sphaerae,
1600 2869 1697 2921 est
1749 2861 1810 2920 in
1869 2859 2031 2920 omni
2076 2867 2281 2938 parte,
2322 2868 2386 2921 et
2436 2860 2694 2921 termino
2743 2880 2919 2936 quem

507 2979 597 3042 20
642 2976 830 3036 habet
866 2977 1150 3056 accipias.
1187 2979 1261 3037 In
1296 2979 1554 3040 termino
1589 2977 1759 3037 nulla
1792 2986 1890 3038 est
1932 2977 2251 3038 dimensio,
2302 2976 2378 3036 In
2420 2977 2663 3038 minimo
2703 2976 2925 3038 dimen-

642 3092 737 3153 sio
770 3102 868 3154 est
900 3094 1282 3172 originaliter
1315 3094 1695 3156 indifferens
1739 3094 1813 3154 In
1866 3094 2091 3156 circulo
2147 3094 2267 3154 alio
2322 3094 2733 3157 dimensiones
2768 3094 2923 3155 duae

645 3217 786 3272 sunt
821 3211 1145 3272 actualiter
1176 3212 1620 3273 indifferentes
1664 3211 1739 3270 In
1779 3212 2045 3291 sphaera
2095 3211 2268 3272 finita
2322 3220 2454 3273 tres
2513 3212 2925 3273 dimensiones

646 3330 722 3387 ab
765 3349 885 3388 uno
929 3338 1153 3409 puncto
1207 3337 1271 3390 et
1310 3330 1386 3390 ad
1438 3348 1625 3389 unum
1679 3336 1971 3407 punctum
2024 3329 2286 3390 collatae
2339 3328 2418 3388 ad
2470 3336 2807 3390 extremum
2861 3339 2925 3392 et

646 3443 909 3504 medium
943 3465 1062 3505 non
1097 3444 1405 3506 differunt.
1442 3446 1514 3506 In
1549 3445 1786 3505 infinita
1820 3445 1938 3506 hoc
1969 3444 2209 3504 omnino
2245 3445 2322 3504 ab
2357 3445 2518 3505 omni
2549 3453 2612 3505 et
2646 3443 2726 3505 ad
2748 3465 2924 3506 omne

509 3561 596 3624 25
643 3567 951 3639 punctum.
988 3562 1165 3633 Quod
1208 3562 1464 3623 dicimus
1500 3562 1577 3621 de
1612 3561 1876 3640 sphaera
1917 3562 1979 3620 in
2033 3560 2258 3637 solide,
2304 3561 2468 3620 idem
2521 3561 2924 3638 intelligimus

643 3676 721 3738 de
756 3676 981 3738 circulo
1013 3677 1076 3737 in
1106 3677 1307 3757 plan0.
1343 3678 1617 3738 Eandem
1642 3698 1788 3755 ergo
1811 3677 2070 3755 figuram
2098 3677 2360 3737 maximo
2396 3676 2718 3737 tribuimus
2741 3685 2924 3755 atque

642 3793 906 3855 minimo.
943 3794 1264 3855 Terminus
1307 3800 1405 3855 est
1445 3794 1810 3874 principium
1845 3792 2103 3853 dimensi
2147 3799 2216 3852 ut
2260 3792 2422 3854 unde
2475 3810 2583 3854 seu
2639 3791 2717 3852 de
2772 3812 2919 3870 quo,

642 3910 953 3971 minimum
994 3930 1141 3973 vero
1183 3917 1252 3970 ut
1286 3930 1363 3972 ex
1396 3931 1534 3988 quo.

804 4026 838 4072 Ἥ
881 4028 1207 4091 Aristoteli
1276 4048 1416 4091 esse
1481 4027 1782 4089 infinitum
1853 4027 2100 4090 videtur
2167 4046 2511 4107 repugnare
2579 4027 2920 4089 definitioni
3006 4051 3017 4058 ·

510 4154 600 4218 30
643 4148 942 4228 sphaerae
986 4156 1048 4210 et
1082 4148 1278 4210 omnis
1326 4147 1604 4224 figurati,
1644 4148 1763 4207 imo
1807 4155 1872 4208 et
1913 4147 2213 4226 corporis;
2271 4167 2449 4223 quam
2504 4168 2652 4209 sane
2708 4148 2921 4208 defini-

641 4264 870 4325 tionem
905 4265 982 4326 de
1012 4265 1410 4327 flnitariorum
1441 4264 1688 4325 archivo
1726 4264 2138 4344 deprompsit,
2169 4273 2540 4344 quapropter
2574 4285 2707 4327 eam
2736 4267 2922 4328 sumit.

830 4516 905 4565 19.
930 4516 994 4566 20
1013 4515 1172 4579 sorte
1200 4513 1510 4568 terminum
1535 4513 1853 4580 quemlibet
