3738 5268
882 549 1000 607 322
1494 560 1771 605 mamm
1814 559 2019 603 imvm
2060 560 2150 602 nn
2189 557 2460 620 nmmo,
2503 557 2564 603 V.

1741 904 2046 969 OAPVT
2124 904 2309 969 VIII.

1875 1171 2186 1214 sTATERA.

1630 1336 1855 1388 Angulum
1888 1338 2053 1386 angulo
2083 1338 2323 1385 aequalem
2352 1336 2424 1376 do.

1066 1556 1142 1620 Si
1180 1553 1487 1639 aequalis
1527 1552 1704 1638 cycli
1742 1555 1966 1617 sector
2002 1550 2331 1615 reddatur
2368 1556 2690 1637 uterque,

797 1669 837 1733 5
887 1673 1208 1758 Angulus
1247 1670 1553 1756 aequalis
1593 1669 1761 1760 satis
1801 1668 2196 1734 insinuatur
2234 1674 2497 1755 aperte3

884 1790 1149 1874 Nempe
1189 1787 1312 1852 ubi
1347 1786 1426 1851 fit
1465 1793 1778 1850 centrum
1816 1783 1994 1870 cycli
2035 1784 2330 1870 angulus
2370 1806 2550 1849 unus
2590 1790 2658 1848 et
2698 1784 2875 1848 alter

884 1903 1544 1991 Comprenduntque
1578 1924 1812 1967 arcum
1846 1900 2277 1986 similemque
2308 1922 2682 1987 paremque
2715 1898 3039 1981 subinde3

877 2021 1142 2106 Nempe
1178 2019 1374 2103 huic,
1418 2041 1625 2103 quem
1664 2016 1936 2083 faciunt
1973 2018 2048 2081 in
2080 2016 2406 2104 Apolline
2446 2038 2603 2081 cum
2645 2015 3054 2102 Ganymede
3146 2041 3172 2082 5

881 2134 1223 2219 Oceanus,
1265 2134 1561 2200 similem
1599 2157 1743 2199 esse
1781 2133 1975 2198 vides
2017 2155 2218 2218 quem
2258 2134 2443 2198 Mars
2483 2132 2602 2197 dat
2640 2139 2709 2197 et
2746 2133 3036 2197 Hermes

753 2255 838 2318 10
883 2253 970 2317 In
1007 2251 1296 2316 Baccho.
1339 2250 1570 2335 Atque
1608 2250 1790 2314 latus
1831 2250 1890 2313 si
1928 2249 2070 2315 fors
2107 2272 2177 2314 se
2215 2248 2682 2315 accommodet
2720 2271 2937 2313 unum

883 2368 1226 2454 Marginis
1260 2368 1333 2431 in
1373 2373 1570 2454 parte
1609 2373 1678 2430 et
1716 2365 2060 2451 reliquum
2100 2365 2284 2450 quod
2321 2365 2597 2451 longius
2637 2371 2856 2449 extat,

887 2484 1084 2549 Infra
1120 2483 1226 2548 illi
1264 2482 1501 2547 veniat
1541 2481 1908 2546 succedens
1946 2489 2206 2568 puncto
2247 2481 2333 2546 ab
2372 2481 2627 2547 eodem.

887 2601 1204 2687 Namque
1240 2599 1362 2666 ubi
1400 2599 1751 2664 Fortunae
1790 2621 1828 2664 a
1868 2605 2127 2685 puncto
2164 2599 2350 2664 Mars
2390 2596 2582 2663 venit
2622 2605 2689 2663 et
2728 2598 3045 2680 HermeS,
3125 2627 3174 2665 10

892 2718 1213 2803 Angulus
1250 2716 1542 2802 Erigoni
1581 2716 1828 2781 similis
1868 2716 2312 2799 conflabitur,
2355 2740 2389 2780 e
2431 2739 2566 2801 qua

760 2835 843 2900 15
890 2833 1208 2900 Fluxerit
1246 2832 1559 2898 Oceanus
1599 2840 1798 2919 rapto
1835 2833 2157 2919 proprior
2197 2833 2618 2919 Ganymede.

889 2950 1018 3016 Vel
1060 2971 1332 3034 quoque
1370 2970 1494 3035 pro
1532 2947 1726 3014 radio
1766 2971 1804 3013 a
1847 2956 2082 3015 centro
2121 2972 2274 3014 crus
2314 2948 2571 3013 defluat
2612 2971 2829 3014 unum
2861 2955 2930 3015 et

892 3066 1000 3130 Sit
1037 3065 1383 3149 reliquum
1422 3070 1712 3150 utroque
1754 3064 2067 3130 iunctum
2110 3088 2264 3130 cum
2302 3064 2615 3149 margine
2653 3066 2814 3147 fine,

890 3184 989 3250 Ut
1027 3166 1260 3247 radius
1299 3180 1557 3246 Bacchi
1597 3181 1684 3245 ad
1721 3182 2130 3264 Fortunam,
2176 3182 2563 3266 chordaque
2602 3181 2688 3246 ab
2728 3181 2862 3245 ista
3124 3211 3174 3249 ιε»

891 3300 1108 3363 Recta
1146 3297 1233 3362 ad
1270 3298 1666 3361 Hermetem
1705 3297 1898 3362 radio
1940 3305 2042 3362 est
2084 3320 2285 3381 quem
2326 3297 2548 3362 mittit
2586 3297 2838 3384 Apollo

760 3414 848 3475 20
896 3416 1129 3500 Usque
1168 3414 1254 3479 ad
1291 3414 1694 3499 Erigonem,
1733 3420 1800 3478 et
1840 3414 2133 3479 chordae
2170 3414 2374 3479 huius
2414 3437 2548 3498 qua
2589 3413 2978 3499 Ganymedi

893 3530 1214 3595 Nectitur
1253 3529 1608 3595 adsimilis.
1649 3530 1949 3616 Compar
1990 3552 2259 3614 quoque
2297 3529 2636 3594 terminus
2675 3529 2899 3594 omnis
3178 3550 3260 3611 p.
3297 3534 3494 3597 182

893 3648 1022 3712 Vel
1061 3647 1247 3733 capit
1286 3647 1719 3711 insistentem
1760 3647 2115 3731 aequalem
2154 3646 2449 3711 circulus
2489 3669 2773 3730 aequus,

897 3764 1130 3848 thue
1169 3761 1538 3849 parallelas
1574 3769 1777 3848 pacto
1817 3761 2191 3847 graduabis
2231 3762 2466 3827 eodem
3125 3792 3178 3829 κο

900 3877 1176 3960 Omnia,
1220 3900 1394 3962 quae
1431 3877 1711 3941 tandem
1752 3877 1995 3942 definit
2034 3878 2331 3943 circulus
2369 3901 2657 3962 aeqUUS,

765 3986 852 4050 25
901 3994 1118 4058 Crura
1158 4017 1376 4078 aequa
1410 4001 1617 4078 atque
1655 3992 2082 4079 interceptus
2120 4016 2248 4081 par
2286 4016 2482 4059 arcus
2523 3994 2611 4059 ad
2650 4017 2903 4060 arcum.

900 4110 984 4173 In
1022 4110 1285 4176 cunctis
1324 4116 1667 4175 monstras
1704 4110 1873 4175 haec
1912 4111 2088 4196 ipsa,
2131 4113 2444 4191 Beraste,
2485 4112 2756 4196 figuriS,

900 4227 1318 4312 Iunctosque
1357 4227 1430 4291 in
1468 4234 1688 4293 rectas
1728 4228 2040 4314 geminas
2079 4229 2487 4313 quandoque
2526 4230 2892 4294 resolvens.

1059 4450 1332 4521 Quatuor
1374 4448 1570 4509 modis
1613 4449 1902 4525 angulum
1957 4448 2178 4525 angulo
2235 4447 2550 4523 aequalem
2585 4446 2823 4524 clamne,
2866 4446 2948 4530 [3]
2988 4448 3181 4526 primo

899 4574 1116 4626 neutra
1151 4563 1228 4624 ad
1266 4563 1675 4644 peripheriam
1714 4572 1887 4625 costa
1922 4564 2279 4641 constituta,
2312 4563 2577 4624 secundo
2620 4565 2915 4625 ambabus
2950 4563 3029 4623 ad
3079 4584 3179 4644 pe-
