3738 5268
854 545 975 604 220
1452 558 1730 604 mamm
1773 554 1978 601 ssnvm
2022 555 2110 600 m:
2151 554 2425 616 mismo,
2473 550 2539 598 11.

855 714 1232 791 contrahant,
1259 714 1624 791 tandemque
1654 713 1730 774 de
1760 712 2333 792 parallelogrammo
2357 711 2499 788 qual
2517 711 2761 771 dratum
2784 711 3042 783 faciant3
3075 718 3139 771 et
3186 716 3267 777 P·
3305 701 3448 764 83

852 850 965 892 nos
994 831 1056 890 in
1085 831 1239 890 libro
1275 831 1380 891 De
1429 830 1828 909 principiis
1874 848 2253 890 mensurae
2308 837 2379 887 et
2426 826 2714 905 figurae
2746 827 3145 888 conformiter

854 947 1230 1024 notavimuS,
1287 956 1355 1008 ut
1391 968 1631 1009 omnem
1683 947 1942 1027 figuram
1984 945 2046 1006 in
2089 945 2460 1024 triangulum
2503 945 2810 1023 resolvaS,
2846 952 2916 1005 ut
2966 945 3145 1005 multi

853 1064 1175 1143 trianguli,
1219 1065 1427 1125 circuli
1485 1074 1548 1125 et
1602 1084 2013 1144 quaecumque
2048 1064 2206 1124 aliae
2240 1064 2472 1142 figurae
2506 1062 2570 1122 in
2601 1083 2786 1123 unum
2823 1062 3147 1139 circulum,

766 1182 807 1245 ὃ
855 1183 1228 1261 triangulum
1256 1193 1319 1246 et
1342 1204 1780 1261 quamcumque
1802 1182 1986 1244 aliam
2009 1182 2268 1261 figuram
2292 1182 2658 1258 coalescant,
2681 1180 2973 1260 pleraque
2995 1179 3144 1240 item

856 1301 976 1361 alia
1011 1321 1146 1363 cum
1174 1303 1345 1380 vulgi
1380 1304 1482 1363 via
1516 1311 1699 1380 atque
1736 1301 2179 1363 consuetudine
2213 1299 2514 1378 ponimus,
2548 1318 2700 1375 quae
2734 1297 3144 1376 positionibus

855 1419 995 1480 istis
1032 1421 1335 1481 obsistere
1371 1420 1672 1482 videntur.
1709 1420 1833 1481 Sed
1877 1440 1951 1481 ea
1980 1420 2179 1481 omnia
2201 1417 2632 1480 mathematice
2665 1425 2846 1494 atque
2875 1437 3145 1497 percom-

853 1537 1034 1598 mode
1064 1537 1143 1597 ad
1166 1559 1411 1599 sensum
1434 1538 1566 1599 fieri
1596 1537 2002 1616 concedimus,
2025 1536 2105 1597 ad
2126 1536 2423 1596 rationem
2446 1555 2593 1597 vero
2618 1542 2873 1596 naturae
2897 1533 3144 1595 minime

853 1673 1153 1731 umquam.
1195 1654 1372 1726 Quod
1405 1656 1632 1734 quippe
1662 1656 1947 1734 passibus
1982 1654 2191 1714 multis
2212 1653 2761 1713 transmutationes
2780 1652 2925 1712 illae
2958 1660 3143 1728 atque

722 1771 808 1837 10
852 1771 1244 1834 reductiones
1275 1774 1605 1849 absistant,
1647 1793 1722 1834 ex
1763 1774 1840 1833 iis
1884 1792 2039 1851 quae
2084 1774 2316 1833 centies
2357 1772 2747 1849 adduximus,
2781 1772 3007 1832 millies
3041 1792 3144 1851 po-

851 1889 1000 1949 terit
1035 1909 1173 1951 esse
1207 1890 1622 1951 manifestum.
1663 1889 1839 1963 Quod
1875 1910 2023 1951 vero
2058 1889 2141 1950 sit
2176 1889 2489 1949 commode
2523 1890 2599 1949 ad
2638 1909 2908 1968 sensum,
2954 1910 3138 1950 causa

849 2013 972 2084 est,
1015 2006 1156 2081 quia
1190 2006 1420 2083 figuras
1460 2007 1635 2085 ipsas
1666 2005 2033 2067 resolvendo
2071 2012 2256 2082 atque
2304 2006 2728 2066 trasmutando
2762 2007 2843 2065 ad
2883 2005 3140 2067 insensi-

847 2120 1005 2181 biles
1041 2142 1146 2182 eas
1189 2121 1572 2183 differentias
1614 2122 1992 2195 accedimus,
2037 2142 2189 2199 quas
2244 2142 2365 2181 non
2410 2122 2546 2181 visu
2591 2122 2701 2183 sed
2748 2122 2990 2182 ratione
3031 2123 3134 2183 vel

847 2238 1137 2316 analogia
1186 2238 1448 2315 quadam
1516 2239 1791 2318 apprime
1833 2239 2071 2315 valeam,
2120 2245 2190 2298 ut
2230 2238 2638 2315 ostendimus,
2699 2239 2997 2318 accipere.
3055 2240 3131 2298 In

719 2354 799 2418 15
846 2353 1110 2434 partium
1145 2354 1371 2433 quippe
1406 2355 1671 2433 illarum,
1702 2376 1856 2432 quae
1887 2356 2139 2434 propius
2167 2355 2246 2415 ad
2275 2356 2555 2415 minimas
2596 2355 2911 2430 accedunt,
2950 2355 3137 2416 indis-

847 2470 1139 2532 tinctione
1185 2473 1671 2550 magnitudinum
1716 2475 1872 2534 latet
1921 2475 2163 2534 illarum
2211 2471 2580 2534 differentia.
2620 2475 2816 2533 Porro
2846 2473 2988 2534 illas
3023 2492 3135 2553 per

845 2599 1055 2670 partes
1085 2590 1350 2652 minimis
1385 2593 1881 2672 proportionales
1922 2593 1985 2654 in
2028 2594 2129 2654 via
2171 2606 2385 2654 nostra
2437 2615 2561 2655 non
2613 2601 2712 2657 est
2764 2594 3014 2656 difficile
3056 2614 3132 2654 ex

846 2709 1060 2787 primis
1093 2719 1274 2787 atque
1310 2711 1958 2774 indemonstrabilibus
1995 2721 2059 2773 et
2090 2713 2535 2793 propriissimis
2567 2714 2940 2775 ratiocinari.

1005 2835 1040 2881 τ
1080 2829 1175 2886 89.
1217 2827 1610 2906 Ineptissime
1639 2828 1942 2890 divisione
1978 2831 2248 2891 continui
2283 2829 2346 2888 in
2368 2830 2673 2891 infinitum
2705 2832 2927 2907 quibus
2946 2851 3131 2907 quan-

713 2945 803 3008 20
848 2941 1306 3020 tisquecumque
1343 2944 1619 3006 confictis
1655 2946 1935 3023 partibus
1968 2966 2037 3007 se
2071 2947 2149 3006 ab
2185 2947 2464 3006 omuibus
2498 2946 3130 3024 angustiis,extricari

851 3077 1034 3135 posse
1069 3059 1445 3138 existimant,
1491 3062 1733 3138 quando
1783 3063 1964 3122 unius
2020 3083 2153 3122 cum
2202 3063 2399 3122 altero
2455 3064 2887 3138 aequalitatem
2934 3070 3133 3122 osten-

848 3171 994 3234 dere
1029 3175 1262 3235 voleuti
1302 3196 1622 3237 necessum
1657 3186 1754 3238 est
1787 3198 1824 3237 a
1857 3178 2109 3238 definito
2145 3178 2408 3256 quodam
2438 3179 2712 3255 minium,
2742 3178 2905 3255 quod
2939 3179 3002 3238 in
3033 3198 3134 3255 ge-

845 3310 992 3351 nere
1033 3292 1134 3351 vel
1170 3294 1445 3353 subiecto
1479 3293 1586 3352 illo
1623 3294 1706 3353 sit
1745 3314 2052 3373 mensura,
2091 3295 2611 3356 fundamentalem
2667 3294 2992 3355 desumere
3034 3314 3131 3352 ra-

842 3408 1093 3483 tionem,
1122 3409 1414 3487 quidquid
1451 3410 1528 3469 de
1557 3411 1837 3488 possibili
1867 3412 1968 3471 vel
1999 3411 2363 3489 impossibili
2391 3412 2451 3470 in
2481 3411 2781 3470 infinitum
2816 3411 3131 3471 subiectae

709 3532 794 3594 25
841 3526 1133 3586 materiae
1168 3525 1470 3586 divisione
1497 3527 1580 3587 sit
1609 3527 2107 3602 existimandum3
2144 3548 2323 3604 quam
2353 3527 2519 3586 nulla
2548 3527 2705 3587 ratio
2735 3546 2934 3603 neque
2968 3527 3129 3586 actio

841 3649 1054 3701 nostra
1087 3642 1188 3701 vel
1217 3650 1471 3702 naturae
1505 3645 1909 3721 persequitur.
1934 3644 2113 3704 Stant
2141 3665 2308 3721 ergo,
2334 3644 2447 3704 sed
2480 3663 2779 3718 nusquam
2802 3662 2879 3703 ex
2909 3643 3128 3721 proba·

841 3757 923 3816 tis
950 3755 1459 3835 evidentibusque
1481 3760 1815 3837 principiiS,
1836 3760 1982 3819 illae
2006 3761 2564 3836 transmutationes,
2589 3780 2842 3836 quarum
2865 3760 3128 3819 assertio

841 3893 878 3931 a
915 3874 1091 3932 nobis
1120 3875 1304 3933 etiam
1329 3896 1440 3954 pro
1472 3876 1712 3953 vulgari
1746 3877 2140 3955 practicoque
2176 3897 2360 3936 sensu
2386 3897 2520 3936 cum
2548 3874 2710 3936 inter
2740 3876 3129 3935 theoremata

838 3989 1204 4068 collocatur,
1243 3999 1367 4050 tum
1399 4012 1513 4070 per
1544 3992 1938 4052 maximarum
1976 3993 2365 4053 confirmatur
2397 3993 2838 4068 inductionem3
2898 3991 3125 4067 alioqui

705 4118 794 4180 30
837 4108 997 4167 enim
1033 4109 1344 4169 meliorem
1380 4110 1562 4169 aliam
1611 4111 1846 4188 praxim
1896 4119 2078 4187 atque
2121 4110 2423 4170 rationem
2465 4109 2545 4169 ad
2580 4131 2714 4171 eam
2750 4111 3127 4171 commodius

838 4223 1180 4284 ordinatam
1221 4246 1341 4283 non
1374 4224 1548 4285 licuit
1580 4227 1857 4306 adipisci.
1896 4226 2034 4286 Stat
2082 4247 2231 4305 ergo
2276 4226 2440 4303 quod
2480 4227 2543 4286 in
2586 4247 2661 4287 ea
2688 4227 3124 4306 principiorum

837 4339 1220 4400 ordinatione
1247 4351 1307 4402 et
1337 4342 1746 4421 applicatione
1784 4344 1933 4404 talia
1961 4353 2086 4403 tum
2120 4343 2449 4421 operando,
2480 4353 2603 4402 tum
2629 4363 2703 4403 ex
2728 4343 3123 4404 sensibilibus

835 4453 1310 4517 demonstrando
1347 4468 1762 4537 praestentur,
1805 4459 2084 4535 qualibus
2126 4460 2368 4535 quidem
2402 4461 2600 4518 minus
2634 4480 2887 4537 eamque
2922 4469 3021 4520 est
3048 4480 3123 4522 ex

1021 4590 1262 4651 {lisca-sc
1287 4607 1406 4641 cam
1437 4608 1583 4658 quae
