3738 5268
876 464 989 522 160
1476 474 1753 519 menam
1796 475 1998 518 nux-'m
2042 475 2129 517 nn
2170 474 2444 535 rimmo,
2491 473 2533 518 1.

866 639 1062 692 totum
1095 651 1217 691 non
1252 628 1635 709 componitur
1671 649 1746 689 ex
1778 629 2069 705 minimis3
2094 649 2240 706 ergo
2267 628 2637 690 resolvendo
2668 648 2788 688 non
2817 626 3148 704 attingitur

866 769 974 827 per
1009 748 1272 828 partium
1293 748 1729 808 resolutionem
1750 756 2294 824 quantamcumque
2317 748 2644 807 minimum.
2677 746 2798 805 Hic
2820 753 2916 805 est
2938 744 3145 803 Achil·

863 865 977 924 les:
1015 864 1167 924 haec
1202 871 1322 940 est,
1357 865 1651 941 inquam,
1686 864 2083 923 terminorum
2130 862 2429 941 confusiO,
2468 863 2628 922 unde
2681 860 2985 921 catholica
3037 860 3146 919 illa

860 981 1036 1041 ruina
1087 980 1463 1056 devolvitur,
1525 1000 1645 1039 non
1699 979 2079 1058 distinguere
2134 978 2442 1039 minimum
2491 999 2528 1038 a
2581 976 2840 1039 termino
2885 977 3140 1055 minimi,

774 1103 814 1165 5
861 1106 1099 1176 partem
1135 1120 1171 1157 a
1205 1097 1462 1158 termino
1498 1098 1711 1176 partis.

1024 1235 1059 1281 ‘n
1098 1216 1390 1276 Dicamus
1423 1215 1659 1275 melius.
1702 1214 2020 1275 Minimum
2067 1234 2185 1273 non
2239 1213 2439 1291 tangit
2491 1234 2558 1275 se
2609 1219 2740 1274 toto
2798 1232 2995 1290 neque
3049 1213 3144 1274 sui

859 1343 1034 1414 parte
1058 1335 1330 1409 ⁴alterum
1362 1333 1694 1408 minimum,
1735 1333 1845 1392 sed
1881 1352 1988 1392 suo
2025 1331 2144 1392 fine
2178 1332 2360 1410 plura
2387 1341 2597 1409 potest
2630 1331 2936 1409 attingere
2970 1333 3142 1392 mini-

859 1471 981 1527 ma,
1014 1450 1172 1510 sicut
1218 1450 1402 1510 etiam
1439 1450 1667 1509 nullum
1709 1468 1930 1526 corpus
1979 1468 2044 1508 se
2079 1456 2209 1509 toto
2249 1449 2347 1509 vel
2370 1456 2548 1527 parte
2571 1450 2698 1526 sui,
2735 1449 2846 1526 sed
2880 1448 2984 1510 vel
3011 1457 3140 1508 tota

859 1568 959 1629 vel
984 1567 1392 1628 extremitatis
1414 1575 1591 1645 parte
1614 1566 1814 1644 tangit
1846 1567 2132 1642 alterum3
2169 1566 2327 1625 sicut
2347 1565 2410 1625 in
2432 1566 2613 1644 plano
2647 1566 2748 1626 ubi
2778 1566 3137 1646 superficies

732 1679 814 1743 10
858 1683 1219 1744 terminatur
1248 1682 1325 1742 ad
1358 1682 1767 1761 superficiem,
1788 1683 1850 1741 in
1887 1682 2047 1742 linea
2076 1682 2178 1742 ubi
2207 1702 2351 1761 pars
2388 1683 2750 1742 terminatur
2772 1683 2847 1742 ad
2873 1691 3133 1763 partem,

859 1821 981 1860 non
1022 1820 1165 1878 pars
1210 1798 1576 1877 intelligitur
1609 1808 1848 1878 partem
1883 1819 1951 1860 se
1980 1800 2118 1878 ipsa
2146 1799 2247 1860 vel
2282 1807 2456 1878 parte
2491 1799 2614 1876 sui,
2652 1799 2763 1860 sed
2798 1821 2910 1880 per
2963 1821 3137 1862 suum

859 1917 1179 1978 terminum
1213 1916 1550 1993 attingens:
1588 1915 1886 1975 terminus
1927 1935 2074 1992 ergo
2117 1929 2212 1976 est
2246 1915 2347 1990 qui
2389 1916 2556 1976 nulla
2593 1925 2687 1977 est
2721 1937 2891 1996 pars,
2931 1926 2993 1978 et
3026 1940 3138 1997 per

858 2052 1234 2110 consequens
1256 2051 1447 2108 neque
1470 2031 1713 2091 minima
1737 2052 1900 2110 pars.
1916 2033 2032 2093 Est
2055 2032 2210 2093 enim
2235 2033 2707 2093 contradictoria
2727 2034 2946 2112 dicere,
2973 2035 3142 2097 mini-

859 2172 1018 2211 mum
1041 2152 1132 2212 rei
1151 2160 1214 2212 et
1240 2171 1361 2210 non
1382 2158 1616 2228 partem
1639 2151 1746 2210 rei.
1773 2150 1847 2210 Id
1869 2150 1923 2209 si
1946 2151 2383 2229 considerabis,
2404 2151 2716 2230 intelliges
2737 2162 2806 2213 ut
2829 2153 3134 2214 minimum

727 2270 809 2333 15
859 2276 1023 2328 certo
1068 2267 1329 2343 quodam
1379 2287 1651 2343 numerO,
1693 2287 1813 2326 non
1846 2275 2022 2345 parte
2064 2287 2183 2327 una
2226 2267 2326 2327 vel
2377 2267 2677 2347 pluribus,
2713 2269 2826 2328 sed
2860 2269 3137 2347 pluribus

855 2385 1130 2445 terminis
1165 2385 1441 2461 aequalia
1477 2384 1595 2445 sibi
1631 2383 1806 2462 plura
1840 2383 2122 2462 attingat.
2163 2383 2263 2443 Sic
2298 2385 2580 2445 minimus
2615 2386 2959 2463 triangulus
3006 2397 3135 2447 tres

854 2502 1086 2563 similes
1110 2511 1172 2562 et
1194 2502 1496 2579 aequaleS‚
1521 2508 1883 2579 tetragonus
1912 2508 2171 2577 quatuor
2192 2501 2424 2562 similes
2449 2509 2515 2562 et
2535 2504 2839 2580 aequaleS,
2873 2504 3133 2564 circulus

854 2642 962 2682 sex
1016 2621 1249 2682 similes
1292 2627 1356 2680 et
1398 2620 1699 2695 aequales,
1751 2619 1877 2679 Par
1923 2618 2208 2680 iudicium
2243 2626 2339 2681 est
2381 2620 2444 2679 in
2488 2620 2708 2680 atomis
2744 2621 3127 2699 corporibuS‚

854 2763 1105 2821 quorum
1135 2743 1376 2819 singula
1405 2740 1791 2802 extremitate
1821 2761 1932 2800 sua
1959 2740 2135 2819 plura
2163 2741 2384 2800 similia
2418 2741 2730 2818 attingunt
2761 2742 3128 2803 necessario·

721 2859 809 2924 20
1013 2862 1047 2909 ’Π
1089 2859 1338 2937 Inquies
1372 2857 1640 2937 stupide:
1683 2877 1828 2935 ergo
1864 2856 2044 2917 datur
2095 2858 2292 2918 minus
2333 2857 2602 2934 minim0‚
2641 2858 3128 2936 quandoquidem
3175 2870 3254 2930 p.
3284 2856 3433 2919 30

850 2975 984 3053 hoc,
1021 2996 1137 3052 quo
1172 2976 1481 3036 minimum
1515 2974 1717 3053 tangit
1741 2974 2068 3051 minimum,
2095 2982 2191 3035 est
2225 2973 2436 3035 minus.
2462 2975 2884 3052 Nequaquam,
2909 2976 3131 3054 amice,

852 3094 964 3156 sed
998 3102 1101 3154 tuo
1134 3100 1199 3153 te
1230 3113 1397 3153 more
1433 3090 1773 3153 confundis.
1809 3093 1946 3153 Hic>
1979 3092 2096 3152 duo
2152 3100 2295 3152 sunt
2348 3092 2579 3152 minimi
2610 3112 2856 3171 genera,
2904 3101 2966 3154 et
3000 3094 3130 3153 eius

853 3210 1012 3287 quod
1061 3209 1260 3286 tangit
1312 3209 1375 3267 id
1417 3215 1514 3268 est
1564 3209 1787 3287 partia,
1824 3216 1888 3268 et
1922 3210 2053 3268 eius
2087 3229 2202 3285 quo
2247 3209 2318 3268 fit
2364 3216 2566 3269 tactus
2613 3209 2678 3268 id
2720 3217 2818 3269 est
2870 3209 3130 3269 termini.

854 3328 1023 3386 Tunc
1056 3326 1146 3387 sic
1196 3326 1468 3401 loquere:
1524 3324 1770 3384 minima
1806 3332 1983 3403 parte
2035 3344 2155 3383 non
2209 3325 2389 3384 datur
2443 3325 2639 3384 minor
2675 3345 2846 3402 pars,
2884 3326 3128 3385 minimo

719 3441 805 3503 25
851 3442 1109 3504 termino
1146 3442 1349 3521 (quem
1382 3441 1444 3500 in
1477 3441 1723 3500 minima
1758 3447 1933 3519 parte
1978 3460 2132 3518 opus
2173 3450 2271 3500 est
2314 3442 2478 3519 esse)
2535 3461 2656 3501 non
2703 3440 2884 3501 datur
2936 3441 3130 3501 minor

850 3560 1170 3635 terminus;
1205 3559 1347 3636 quia
1378 3557 1641 3619 maiores
1697 3566 1908 3635 partes
1955 3558 2169 3617 maiori
2220 3576 2287 3617 se
2349 3558 2660 3633 attingunt
2699 3556 2984 3637 termin0,
3022 3557 3129 3617 mi-

849 3698 1029 3738 nores
1064 3676 1296 3737 minori.
1352 3676 1565 3753 Neque
1621 3676 1815 3736 omnis
1856 3676 2120 3754 sphaera
2173 3676 2373 3753 tangit
2427 3676 2752 3754 sphaeram
2795 3677 2859 3736 in
2905 3687 3126 3755 puncto

849 3794 1210 3873 simpliciter
1245 3791 1509 3869 minimo,
1552 3792 1673 3852 nisi
1707 3800 1946 3853 atomus
1986 3812 2138 3868 quae
2173 3801 2268 3852 est
2320 3793 2567 3853 minima
2622 3794 2911 3872 sphaera,
2958 3794 3126 3855 cuius

851 3913 1035 3972 etiam
1068 3910 1427 3987 contingens
1461 3916 1721 3989 punctus
1756 3909 1818 3969 in
1850 3929 2077 3986 genere
2120 3909 2512 3970 terminorum
2567 3918 2664 3971 est
2716 3910 3013 3971 minimus
3052 3912 3127 3971 Id

720 4021 806 4085 30
850 4038 1052 4089 tamen
1087 4049 1297 4088 verum
1331 4036 1460 4103 est,
1500 4026 1661 4104 quod
1695 4026 1959 4104 sphaera
2005 4026 2452 4102 quantumlibet
2487 4047 2706 4106 magna
2741 4048 2864 4087 non
2897 4027 3123 4089 maiore

854 4151 946 4211 sui
977 4157 1152 4227 parte
1187 4167 1382 4223 neque
1419 4146 1647 4207 minore
1684 4144 2000 4221 aequalem
2034 4145 2152 4207 sibi
2183 4147 2405 4225 tangit,
2436 4168 2612 4224 quam
2642 4146 2891 4207 minima
2911 4167 3126 4225 aequa-

851 4268 972 4327 lem
1036 4266 1155 4327 sibi
1209 4264 1541 4340 minimam;
1592 4283 1713 4323 non
1762 4272 1967 4323 tamen
2017 4265 2293 4341 sequitur
2340 4284 2473 4325 eam
2521 4264 2739 4325 iccirco
2790 4265 2851 4323 in
2900 4274 3125 4343 puncto

854 4383 1215 4462 simpliciter
1268 4382 1513 4442 minimo
1566 4383 2024 4461 ta11gere,quia
2079 4391 2394 4461 oporteret
2448 4394 2511 4444 et
2563 4383 2775 4462 ipsam,
2834 4390 2901 4442 ut
2953 4388 3123 4441 tanto

855 4511 1122 4563 extremo
1157 4502 1515 4580 attingatur,
1555 4520 1689 4562 esse
1725 4502 2046 4562 minimam.
