3738 5268
848 479 967 537 264
1433 494 1714 540 mamm
1756 495 1958 540 murm
2002 497 2091 540 DE
2131 498 2402 561 ummo,
2446 499 2542 543 111.

847 646 980 711 Per
1017 653 1313 732 quatuor
1347 671 1557 734 gyros
1593 648 1888 734 vicibu8‚
1930 658 2095 715 nota
2134 652 2339 717 unius
2376 676 2515 719 una
2554 660 2657 720 est

848 762 1189 851 Septima,
1229 765 1594 831 dimidium
1631 767 1850 857 partis
1891 768 2002 837 cui
2039 768 2244 838 unius
2283 769 2514 839 addas.

1647 2338 1775 2379 Alius
1805 2338 1962 2379 modus
1990 2339 2100 2378 data
2130 2339 2326 2378 ratione.

842 2538 1038 2603 Istud
1077 2537 1256 2602 idem
1298 2539 1473 2623 cycli
1511 2537 1771 2625 poteris
1812 2536 2300 2623 comprendere
2339 2541 2540 2623 parte

753 2658 795 2722 5
841 2656 927 2721 In
964 2663 1102 2721 tres
1139 2656 1249 2721 vel
1289 2662 1586 2741 quatuor
1621 2656 1731 2721 vel
1771 2654 2018 2740 quinas
2058 2677 2261 2739 quem
2301 2652 2597 2719 secuisse

843 2772 1198 2837 Collubuit
1235 2779 1490 2859 parteS‚
1533 2771 1669 2836 alio
1707 2793 2081 2836 numerove
2115 2769 2388 2858 petisse.

759 2925 762 2930 ·
841 2887 1023 2952 Nam
1059 2887 1223 2952 licet
1259 2888 1347 2953 ad
1384 2910 1622 2953 sensus
1660 2886 2027 2951 minimum
2063 2887 2474 2952 descendere
2514 2890 2859 2971 quotquot

840 3003 925 3068 In
962 3010 1193 3090 partes
1231 3004 1467 3069 lubeat
1505 3004 1862 3090 cyclumve
1902 3026 2222 3069 arcumve
2262 3004 2655 3086 subactum,

845 3119 1042 3197 Quod
1081 3119 1182 3184 rei
1211 3126 1447 3185 tamen
1484 3119 1572 3185 ad
1611 3118 2003 3204 minimum,
2044 3143 2179 3205 quo
2218 3120 2491 3206 regulat
2529 3119 2755 3202 illum,

713 3240 795 3303 10
840 3235 931 3299 Et
970 3240 1284 3300 centrum
1323 3242 1391 3300 et
1428 3244 1699 3301 atomus
1740 3258 1914 3321 quae
1950 3237 2158 3322 plana
2198 3243 2300 3302 est
2339 3258 2495 3301 area
2535 3235 2768 3319 certiS‚

839 3352 1069 3417 Radix
1107 3359 1209 3434 (ut
1247 3353 1513 3419 dictum
1550 3359 1677 3436 est)
1715 3354 1998 3441 propria
2036 3361 2139 3420 est
2178 3355 2486 3420 senarius
2526 3354 2653 3418 illi.

839 3468 1274 3556 Quapropter
1310 3493 1508 3536 senas
1545 3471 1621 3535 in
1657 3477 1890 3558 partes
1922 3477 2131 3557 atque
2169 3471 2469 3537 tricenas

839 3585 1211 3650 Scindatur
1249 3585 1426 3671 cycli
1465 3592 1765 3668 sextam,
1809 3609 1978 3671 quas
2020 3587 2245 3652 dicere
2281 3588 2542 3674 primas

838 3703 994 3768 Iure
1032 3710 1253 3790 poteS,
1296 3704 1546 3789 quibus
1583 3704 1890 3791 aequalis
1928 3705 2370 3771 subtenditur
2408 3728 2547 3770 una

710 3820 790 3883 15
837 3819 947 3884 Ad
988 3828 1300 3885 centrum
1339 3827 1408 3885 et
1444 3821 1662 3886 veluti
1697 3821 2117 3906 triquetrum
2155 3821 2569 3888 monstravit
2609 3821 2950 3887 Arachnis

838 3937 1068 4002 Partis
1106 3937 1194 4002 ad
1232 3943 1613 4003 extremum
1651 3937 1973 4003 minimas
2012 3938 2350 4024 inquirito
2388 3944 2641 4025 partes.

1791 4178 1973 4217 Tertius
2002 4178 2174 4218 modus.

840 4376 985 4443 Aut
1022 4386 1388 4464 postquam
1425 4378 1586 4443 data
1624 4401 1783 4465 pars
1822 4385 2047 4444 totum
2086 4385 2189 4444 est
2228 4379 2521 4445 deducta
2560 4405 2683 4467 per
2722 4383 2985 4467 orbem,

841 4495 983 4562 Nec
1023 4502 1254 4561 tamen
1293 4503 1586 4582 aequato
1623 4520 1877 4586 gyrum
1914 4520 2068 4563 cum
2107 4497 2328 4563 limite
2368 4497 2652 4585 claudit,

3138 780 3221 843 p.
3252 766 3452 829 125

3074 3144 3127 3184 25

3069 3732 3123 3770 30

3119 3834 3202 3894 p.
3234 3823 3441 3887 126
