3738 5268
847 513 963 572 136
1428 527 1705 572 mamm
1747 526 1948 571 anm
1990 526 2081 570 nn
2118 525 2390 586 ummo,
2435 524 2476 570 1.

844 685 1239 762 Quamlibet
1285 706 1455 771 eque
1493 682 1758 749 schedis
1798 682 2146 748 Cumanae
2177 682 2387 747 verba
2429 679 2740 766 Sibyllae

840 798 1283 886 Evandrique
1320 798 1506 884 rogis
1544 798 1956 881 referantur,
1998 803 2244 863 cuncta
2282 797 2679 884 probantor.

838 914 951 979 Ad
985 915 1211 980 nullas
1250 913 1486 1002 fruges
1525 915 1874 979 excultum
1915 913 2380 978 versificantes

839 1029 1206 1095 Ostentent
1244 1030 1614 1117 specimen,
1656 1030 1817 1115 quia
1857 1030 2041 1096 Naso
2079 1028 2552 1114 virgiliusque

748 1149 789 1211 ὃ
836 1144 1274 1211 Submittunt
1311 1146 1569 1234 passim
1607 1152 1977 1211 centonum
2015 1143 2380 1231 fragmina.
2421 1143 2716 1208 Cernam

834 1261 1032 1328 Vivis
1080 1286 1476 1350 expressum
1512 1261 1753 1329 formis
1790 1263 2141 1328 luctamen
2179 1260 2410 1326 anheli

832 1379 1153 1446 Herculis
1200 1381 1548 1447 Antaeum
1586 1378 1961 1467 geminatis
1996 1377 2262 1444 viribus
2296 1379 2477 1444 ultro

830 1495 1200 1581 Urgentis,
1241 1495 1755 1563 casum·mundi
1795 1518 1950 1561 cum
1987 1494 2297 1582 plaustra
2334 1495 2643 1581 parentis

829 1609 1185 1677 Tractaret
1216 1613 1602 1697 Phaethon,
1641 1613 1751 1677 vel
1789 1617 1867 1677 ut
1906 1611 2151 1676 ardens
2189 1610 2380 1696 regia
2413 1610 2585 1676 caeli

703 1730 786 1792 10
831 1727 1355 1816 Conspicienda,
1397 1729 1652 1795 fretum
1691 1736 1769 1795 ut
1801 1728 2103 1793 fumanti
2140 1729 2418 1795 turbine
2457 1728 2832 1815 Olympum

830 1846 1095 1933 Tingit,
1140 1846 1546 1911 candentem
1584 1851 1661 1910 ut
1698 1843 2001 1909 humeris
2040 1844 2158 1908 vix
2191 1844 2486 1909 sustinet
2529 1843 2748 1908 Atlas.

834 1962 949 2028 Sic
985 1961 1195 2028 facies
1228 1984 1456 2028 rerum
1488 1985 1612 2048 per
1649 1961 1923 2045 singula
1970 1960 2277 2043 reddere,
2317 1960 2547 2046 prisca

828 2078 1202 2143 Recentem
1238 2078 1598 2143 historiam
1637 2086 1715 2143 ut
1754 2083 2037 2142 exornet
2074 2076 2328 2142 fabula.
2370 2076 2733 2153 Quondam

826 2195 925 2260 Ut
957 2194 1182 2260 Minos
1220 2191 1448 2259 fuerat
1485 2193 1768 2259 cristata
1808 2192 2069 2258 casside
2108 2191 2418 2278 pulcher,

697 2309 778 2371 15
826 2311 921 2375 Ut
959 2309 1254 2396 sumpsit
1293 2312 1611 2396 clypeum
1650 2309 1987 2394 torsitque
2033 2307 2283 2374 hastile
2320 2312 2635 2390 venuste,

827 2427 942 2492 Sic
977 2426 1187 2492 habet
1224 2427 1562 2493 Arcturus
1597 2427 1903 2492 iunctam
1942 2450 2098 2491 cum
2136 2425 2402 2492 viribus
2441 2433 2694 2509 artem,

827 2541 1258 2607 Gottfridum
1297 2543 1505 2607 vestit
1543 2543 1843 2626 TurnUS,
1884 2542 2276 2629 gaudetque
2309 2541 2606 2629 Pipinus

822 2659 1094 2724 Aeneae
1131 2660 1461 2743 numeriS,
1502 2659 1877 2745 spoliisque
1913 2658 2269 2724 Rolandus
2307 2657 2617 2723 Achillis.

821 2774 988 2838 Exit
1024 2775 1107 2840 de
1153 2798 1383 2863 panno
1424 2775 1711 2861 antiquo
1751 2798 1932 2841 nova
1970 2776 2207 2859 vestiS,
2250 2782 2320 2839 et
2355 2774 2468 2839 hic
2506 2781 2669 2839 sunt

690 2892 778 2956 20
826 2891 1224 2978 Syndonem
1263 2892 1337 2958 in
1375 2892 1659 2958 alterius
1696 2891 2054 2957 femoralia
2093 2890 2402 2956 Caesaris
2442 2897 2615 2955 acta.

3052 823 3129 865 155

3048 1404 3122 1445 160

3031 1986 3112 2027 165

3027 2565 3107 2608 170

981 3072 1032 3131 1.
1069 3070 1247 3132 Mens
1291 3092 1477 3150 super
1519 3070 1720 3132 omnia
1761 3071 1931 3131 Deus
1976 3080 2088 3132 est.
2126 3072 2303 3132 Mens
2331 3071 2518 3131 insita
2547 3071 2828 3131 omnibus
2869 3080 3106 3133 natura.

819 3188 996 3247 Mens
1026 3188 1225 3247 omnia
1253 3186 1600 3266 pervadens
1643 3187 1819 3248 ratio,
1856 3187 2028 3247 Deus
2063 3187 2256 3246 dictat
2299 3193 2361 3247 et
2406 3187 2666 3247 ordinat.
2705 3187 2943 3246 Natura
2971 3208 3106 3249 exe-

820 3301 1024 3378 quitur
1057 3311 1239 3379 atque
1273 3300 1439 3363 facit.
1476 3303 1661 3363 Ratio
1696 3303 2142 3380 contemplatur
2176 3309 2241 3361 et
2276 3301 2581 3362 discurrit.
2630 3302 2799 3362 Deus
2846 3310 2944 3362 est
2990 3325 3109 3363 mo-

820 3438 930 3477 nas
974 3419 1235 3477 omnium
1277 3438 1661 3477 numerorum
1704 3416 1873 3496 fons,
1911 3418 2274 3495 simplicitas
2319 3418 2514 3477 omnis
2555 3418 2997 3496 magnitudinis
3041 3428 3103 3480 et

685 3539 771 3602 25
820 3532 1279 3610 compositionis
1320 3534 1691 3612 substantia,
1738 3539 1802 3595 et
1862 3533 2224 3593 excellentia
2260 3553 2444 3613 super
2481 3554 2657 3593 omne
2702 3544 3100 3612 momentum,

818 3649 1281 3724 innumerabile,
1326 3649 1702 3709 immensum.
1746 3648 1983 3709 Natura
2025 3660 2121 3710 est
2161 3670 2447 3709 numerus
2505 3649 2929 3726 numerabilis,
2978 3672 3100 3711 ma-

816 3764 1071 3840 gnitudo
1118 3765 1573 3843 mensurabiliS,
1616 3773 1985 3824 momentum
2033 3765 2400 3840 attingibile.
2446 3766 2631 3825 Ratio
2671 3782 2767 3826 est
2809 3787 3098 3828 numerus

813 3900 1163 3955 numerans,
1202 3879 1555 3957 magnitudo
1592 3898 1977 3958 mensuranS,
2014 3889 2385 3940 momentum
2419 3882 2770 3942 aestimans

976 4000 1008 4045 ἹῙ
1037 3997 1093 4054 8.
1129 3994 1338 4054 Influit
1368 3995 1536 4056 Deus
1566 4016 1676 4073 per
1703 4004 1980 4055 naturam
2009 3997 2071 4055 in
2097 3997 2413 4056 rationem.
2445 3997 2629 4055 Ratio
2659 3996 2962 4056 attollitur
2986 4018 3097 4075 per

681 4120 768 4181 30
812 4116 1090 4169 naturam
1127 4111 1188 4169 iu
1222 4111 1436 4171 Deum.
1476 4112 1644 4171 Deus
1681 4120 1776 4171 est
1808 4130 2007 4187 amor,
2047 4112 2349 4185 efficienS,
2390 4111 2665 4189 claritaS,
2699 4110 2821 4171 lux.
2861 4112 3098 4172 Natura

816 4235 913 4284 est
944 4226 1232 4304 amabile,
1273 4226 1602 4303 obiectum,
1634 4227 1795 4303 ignis
1825 4234 1890 4285 et
1916 4227 2114 4286 ardor.
2146 4228 2330 4286 Ratio
2360 4236 2455 4286 est
2485 4248 2722 4304 amans,
2755 4227 3094 4288 subiectum

817 4341 1149 4418 quoddam,
1188 4342 1348 4417 quod
1381 4363 1416 4400 a
1448 4350 1664 4401 natura
1697 4342 2050 4401 accenditur
2083 4350 2145 4402 et
2178 4364 2214 4401 a
2249 4343 2379 4403 Deo
2415 4343 2812 4402 illuminatur.

994 4530 1042 4577 8.
1066 4529 1123 4576 11
1160 4528 1394 4592 Casum,
1428 4528 1623 4592 Velut,
1660 4529 1892 4578 Fretum
1921 4546 1946 4579 e
1975 4531 2323 4580 Gaudentem
2354 4546 2446 4579 con
2465 4535 2638 4595 punto
2657 4529 2830 4590 sermo
2857 4527 3080 4578 innanzi
