3738 5268
854 492 933 551 (30
1738 500 2026 552 tomum·
2061 500 2262 551 BRVNI

853 679 1169 764 accedet,
1231 682 1241 767 Ι
1299 702 1655 766 nunquam
1723 686 1958 745 tamen
2015 680 2237 744 eidem
2304 678 2562 765 poterit
2646 700 2791 743 esse
2867 674 3134 741 similis„
3186 695 3235 744 e
3271 683 3374 747 ‘W'

858 809 1002 873 100.
1027 806 1356 884 Quamvis
1394 806 1596 873 detur
1627 805 1984 893 poligonia
2016 805 2319 893 aequalis
2350 804 2709 892 perimetri
2741 804 2852 870 vel
2885 802 3132 889 campi,

852 935 1207 1022 perimetri
1252 943 1486 1031 tamen
1531 934 1793 1023 pariter
1847 941 2055 1019 atque
2103 934 2330 1021 campi
2375 933 2795 1020 regularium
2842 932 3133 999 laterum

851 1062 1207 1150 poligonia
1245 1084 1586 1148 nusquam
1623 1062 1773 1127 erit.
1816 1063 1964 1127 101.
2021 1063 2258 1126 Potest
2314 1073 2458 1129 esse
2517 1060 3133 1146 dimensionatum,

763 1194 804 1257 ὃ
853 1190 1045 1256 cuius
1084 1188 1587 1275 magnitudinis
1627 1209 1953 1253 numerus
2003 1186 2509 1273 magnitudinis
2558 1186 2800 1252 circuli
2848 1210 3133 1253 numero

850 1318 942 1384 sit
1008 1317 1341 1403 aequaliS,
1401 1338 1727 1381 numerus
1783 1322 2013 1380 autem
2073 1314 2575 1400 magnitudinis
2632 1315 2895 1401 figurae
2956 1315 3132 1381 alius

848 1443 1309 1531 aequilaterae
1371 1464 1657 1508 numero
1696 1441 1936 1507 circuli
1970 1463 2327 1527 nunquam
2387 1441 2691 1527 aequalis
2740 1443 3134 1529 comproba·

846 1570 1057 1635 bitur.
1108 1569 1254 1634 102.
1304 1567 1495 1632 Duos
1544 1567 1835 1632 circulos
1885 1567 1957 1632 in
2005 1566 2295 1633 materia
2344 1566 2625 1632 omnino
2672 1567 2989 1653 aequales
3037 1568 3134 1633 fa-

849 1716 997 1760 cere
1050 1694 1163 1759 vel
1223 1692 1526 1780 reperire
1574 1698 1677 1757 est
1715 1691 2170 1779 impossibile,
2217 1692 2326 1758 vel
2375 1692 2483 1758 bis
2522 1692 2809 1758 eandem
2864 1716 3132 1781 percur-

717 1826 802 1889 10
846 1842 995 1885 1616
1041 1818 1534 1907 peripheriam;
1574 1818 1790 1883 multo
1829 1817 2058 1883 minus
2121 1817 2407 1883 alteram
2445 1818 2725 1883 omnino
2776 1819 3130 1904 aequalem

850 1944 1053 2010 alteri
1106 1944 1363 2010 lineam
1422 1944 1534 2009 vel
1589 1943 1901 2030 figuram.
1962 1944 2106 2008 103.
2147 1943 2311 2008 Ideo
2351 1943 2511 2008 dato
2560 1942 2815 2009 circulo
2864 1966 3131 2031 semper

845 2069 997 2135 dari
1051 2092 1249 2157 posse
1295 2068 1660 2153 veriorem,
1699 2074 1884 2133 recte
1932 2066 2241 2133 Cusanus
2297 2067 2557 2133 definit.
2609 2068 2756 2133 104.
2806 2067 3130 2134 Conside-

842 2200 990 2260 rate
1027 2195 1171 2261 vim
1211 2216 1481 2260 omnem
1521 2193 1762 2259 circuli
1800 2216 1945 2258 esse
1980 2193 2055 2258 in
2090 2199 2353 2278 centro,
2389 2199 2459 2258 et
2496 2192 2624 2257 hoc
2657 2199 2760 2258 est
2797 2216 3014 2258 unum
3047 2217 3131 2259 ex

849 2320 1238 2408 praecipuis
1298 2319 1785 2386 miraculorum
1838 2318 2220 2406 principiis,
2282 2318 2430 2383 105.
2497 2317 2751 2383 Anima
2816 2324 3128 2384 centrum

720 2456 801 2519 15
848 2444 1192 2530 quoddam
1233 2452 1367 2531 est,
1408 2467 1583 2531 quae
1622 2445 1830 2510 etiam
1871 2450 1972 2509 est
2005 2443 2299 2508 circulus
2345 2465 2415 2508 se
2452 2441 2679 2530 ipsum
2712 2465 3021 2527 movens;
3061 2451 3130 2508 et

844 2569 1152 2636 vicissim
1221 2570 1515 2637 circulus
1588 2569 1898 2637 omnium
1966 2567 2541 2652 substantiarum,
2599 2566 3010 2634 facultatum
3060 2575 3128 2633 et

844 2718 1128 2783 operum
1206 2704 1309 2762 est
1377 2697 1626 2762 anima.
1707 2696 1855 2760 106.
1924 2693 2235 2760 Circulus
2313 2701 2476 2759 sunt
2546 2694 2776 2760 omnia
2836 2702 3127 2760 naturae

842 2842 1047 2908 opera
1085 2827 1154 2885 et
1202 2821 1423 2886 omnis
1462 2827 1688 2887 motus
1727 2820 2192 2904 cuiuscunque
2231 2819 2323 2884 sit
2354 2819 2654 2905 generiS,
2695 2818 2874 2885 sicut
2916 2819 3126 2885 etiam

841 2945 1368 3030 clementorum,
1410 2947 1469 3012 si
1509 2945 1845 3012 naturalis
1885 2951 2023 3030 est,
2075 2942 2368 3009 circulus
2407 2951 2536 3027 est;
2577 2951 2763 3011 recta
2819 2967 2984 3012 vero
3022 2952 3125 3010 est

707 3078 797 3143 20
841 3070 1177 3136 naturalis
1225 3076 1450 3136 motus
1506 3092 1647 3136 non
1702 3068 2116 3135 naturaliter
2170 3068 2610 3155 habentium,
2669 3093 2916 3158 nempe
2969 3093 3125 3158 par-

841 3194 1046 3278 tium,
1087 3193 1603 3282 impeditorum,
1638 3194 2084 3280 fugientium,
2123 3192 2636 3279 refugientium.
2682 3196 2827 3260 107.
2868 3195 3126 3260 Ambu-

839 3316 1013 3403 lare,
1053 3325 1319 3405 natare,
1370 3319 1629 3402 volare,
1679 3326 2026 3404 vegetare,
2086 3318 2367 3401 sentire,
2430 3318 2844 3404 intelligere,
2904 3319 3127 3385 vivifi-

843 3442 1012 3527 cari,
1046 3443 1305 3526 vivere,
1341 3443 1515 3509 mori
1557 3442 1851 3508 circulus
1892 3448 2012 3507 est.
2052 3440 2308 3507 Circuli
2348 3450 2658 3508 centrum
2702 3444 2709 3531 Ι
2752 3443 3122 3511 diametros
3172 3462 3221 3511 e
3254 3448 3363 3512 7⁹

844 3589 1079 3632 omnes
1118 3568 1488 3633 terminare
1527 3567 1930 3632 stultissime
1969 3567 2344 3653 opinantur
2380 3575 2797 3653 geometrae,
2838 3575 2917 3634 ut
2954 3569 3128 3634 dixi-

707 3692 795 3756 25
844 3714 1015 3757 muS.
1068 3693 1213 3758 107.
1254 3693 1544 3757 Plenum
1604 3692 1679 3756 in
1739 3690 1994 3756 circulo
2049 3690 2430 3777 primarum
2480 3691 2786 3779 partium
2831 3691 3127 3779 hexago-

840 3839 970 3881 nus
1026 3823 1157 3901 est,
1216 3839 1513 3884 vacuum
1577 3816 1649 3880 111
1715 3815 1972 3880 circulo
2035 3814 2418 3902 primarum
2481 3817 2815 3903 partium,
2878 3840 3124 3905 nempe

842 3940 1202 4006 individuo
1267 3948 1500 4006 centro
1563 3939 2060 4027 proximarum,
2131 3938 2496 4006 aliusmodi
2551 3940 2950 4026 hexagonus
2999 3949 3122 4007 est.

844 4066 989 4129 108.
1025 4065 1141 4130 Sic
1174 4086 1335 4150 ergo
1370 4063 1663 4130 circulus
1696 4064 2022 4129 minimus
2065 4069 2379 4129 centrum
2421 4064 2600 4150 quod
2643 4065 2930 4130 minima
2961 4089 3122 4153 pars

840 4197 944 4254 est
1000 4190 1317 4275 attingit,
1360 4197 1462 4254 est
1517 4189 1934 4276 compositus
1991 4212 2074 4254 ex
2129 4189 2353 4253 tribus
2409 4189 2786 4276 hexagonis
2833 4190 3124 4257 duarum

2309 4303 2350 4308 ...-
2373 4303 2482 4308 ---
2499 4303 3124 4312 -----ᾑ.---

1026 4343 1058 4392 3
1093 4342 1277 4392 camdi
1437 4305 1811 4407 *iipologonia
1969 4342 2030 4390 12
2061 4338 2202 4402 dopo
2237 4303 2442 4389 definit
2474 4340 2518 4390 c'
2548 4356 2645 4390 era
2677 4347 2844 4405 punto
2887 4342 2943 4392 d’
2964 4340 3128 4393 inler-

838 4421 1123 4489 roqaaeione
1286 4423 1364 4472 12.
1402 4423 1462 4471 13
1497 4422 1657 4485 forse
1684 4421 2062 4472 Considerato
2221 4421 2282 4470 21
2330 4420 2686 4487 fugientum,
2730 4422 3122 4487 refugientum

835 4504 900 4553 28
920 4504 1076 4569 forse
1099 4503 1266 4570 (qui)
1295 4508 1555 4554 centrum
