3738 5268
1067 493 1380 539 An'mcvm
1422 490 1766 536 Anvnnsvs
1804 484 2340 532 MATHEMATmoS.
2771 466 2844 526 31

561 669 1008 757 sphaerarum
1046 665 1428 733 communis
1467 664 1831 749 utriusque
1866 661 1956 726 ad.
2002 660 2291 725 alteram
2338 658 2676 723 terminus
2735 678 2853 743 ap-

560 793 976 884 pellabitur?
1003 793 1116 858 An
1140 814 1281 858 non
1304 790 1686 879 pyramidis
1710 790 2087 855 terminum
2106 786 2467 875 appellabo
2488 788 2848 871 punctum,

561 924 636 988 in
702 945 908 1009 quem
968 920 1220 987 hedrae
1288 919 1807 986 terminantur?
1846 919 1962 984 An
2020 940 2166 985 non
2223 921 2329 1000 (ut
2395 919 2594 981 notat
2640 911 2851 978 etiam

564 1047 1018 1137 Porphyrius)
1057 1046 1194 1113 duo
1232 1046 1569 1135 prismata
1607 1046 1682 1111 in
1740 1067 1881 1111 uno
1932 1044 2149 1110 latere
2209 1038 2849 1109 continuabuntur?

474 1168 517 1231 5
563 1176 668 1240 52.
708 1173 933 1239 Aiunt
988 1178 1058 1237 et
1115 1171 1252 1259 ipsi
1309 1170 1670 1237 nobiscum
1729 1169 2096 1236 minimum
2145 1190 2289 1234 esse
2336 1186 2731 1232 mensuram
2776 1164 2852 1229 in

564 1321 979 1385 unoquoque
1015 1320 1293 1385 genere;
1325 1295 1609 1362 interim
1641 1301 1893 1379 tamen,
1926 1317 2085 1360 cum
2116 1293 2484 1359 minimum
2512 1290 2854 1356 definiunt

504 1486 517 1497 .
564 1424 747 1513 quod
786 1422 979 1489 nulla
1016 1427 1120 1488 est
1155 1444 1340 1508 pare,
1383 1443 1523 1487 non
1581 1421 1991 1508 intelligunt
2027 1419 2210 1506 quod
2258 1418 2501 1484 dicunt
2539 1438 2854 1503 expresse

563 1552 828 1617 nullam
900 1572 1045 1615 esse
1118 1570 1511 1615 mensuram
1584 1547 1863 1635 proprie
1941 1569 2149 1633 quam
2229 1545 2366 1634 ipsi
2440 1546 2854 1632 agnoscant.

564 1676 670 1741 53.
709 1675 965 1741 Dicant
1005 1696 1168 1761 ergo
1206 1679 1547 1762 punctum
1585 1672 1782 1739 cuius
1819 1672 2013 1738 nulla
2051 1677 2155 1738 est
2193 1693 2353 1759 pars
2383 1670 2461 1735 in
2492 1669 2852 1754 continu0‚

442 1792 525 1853 10
568 1808 638 1865 et
671 1799 873 1886 quod,
904 1807 984 1866 ut
1015 1806 1117 1865 est
1156 1800 1435 1886 signum
1455 1822 1576 1865 seu
1596 1797 1963 1884 terminus,
1997 1798 2190 1863 nulla
2215 1802 2319 1863 est
2348 1818 2543 1884 pars;
2581 1801 2660 1861 ut
2691 1816 2855 1861 vero

564 1926 955 2009 minimum,
989 1925 1214 2013 prima
1247 1932 1350 1991 est
1379 1948 1540 2013 pars
1572 1948 1656 1991 ex
1688 1926 1929 2012 regula
1960 1924 2352 2012 positioniS,
2380 1931 2460 1990 ut
2483 1922 2854 1989 videbitur.

564 2049 805 2136 Neque
864 2049 1073 2116 etiam
1129 2051 1344 2139 probe
1401 2051 1660 2117 dicitur
1718 2051 1805 2116 ab
1862 2051 2166 2133 Herone,
2230 2050 2429 2135 quasi
2487 2047 2857 2114 definiente

567 2181 933 2262 punctum,
971 2173 1164 2262 quod
1200 2174 1524 2241 videlicet
1559 2175 1783 2242 lineae
1815 2175 2154 2241 terminus
2185 2175 2302 2240 isse
2340 2175 2458 2257 sit;
2491 2195 2633 2240 non
2669 2173 2857 2238 enirn

564 2304 955 2371 considerat
1014 2304 1085 2392 ip
1100 2327 1172 2369 se
1218 2310 1290 2370 et
1329 2304 1475 2390 alii,
1518 2304 1701 2390 quod
1740 2305 1808 2370 id
1842 2327 1967 2392 per
2004 2328 2074 2371 se
2119 2310 2382 2392 puncto
2428 2326 2570 2370 non
2616 2325 2859 2372 conve·

438 2431 520 2495 15
564 2431 749 2515 niat;
800 2439 904 2497 est
960 2433 1147 2498 enim
1212 2439 1282 2498 et
1328 2433 1569 2519 anguli
1617 2439 1687 2498 et
1745 2431 2134 2521 superficiei
2189 2437 2259 2497 et
2317 2431 2641 2518 corporis.
2698 2430 2859 2497 Non

581 2562 768 2627 enim
822 2562 1294 2651 improbamus
1363 2562 1727 2628 Platonem
1791 2561 2134 2627 dicentem
2198 2565 2539 2649 punctum
2596 2581 2741 2625 esse
2778 2558 2856 2624 li-

572 2714 773 2758 neam
818 2690 1255 2758 individuam
1327 2691 1432 2757 54.
1505 2690 1757 2757 Omnia
1824 2690 2289 2756 instrumenta
2360 2689 2856 2775 magistrorum

567 2823 988 2900 nostrorum,
1039 2839 1217 2901 quae
1253 2816 1341 2882 ad
1393 2816 1667 2882 minimi
1732 2815 2209 2884 inventionem
2278 2821 2442 2881 sunt
2507 2814 2854 2901 ordinata,

568 2944 854 3011 minimo
942 2950 1180 3009 carent
1257 2950 1328 3009 et
1411 2944 1613 3010 modo
1682 2943 1770 3008 ad
1858 2942 2226 3007 minimum
2275 2941 2284 3029 Ι
2334 2941 2851 3009 inveniendum.

433 3073 525 3136 20
568 3069 802 3155 Atque
836 3070 1063 3135 solum
1110 3069 1285 3135 illud
1323 3092 1542 3136 unum
1579 3076 1649 3135 et
1688 3069 1971 3134 unicum
2009 3075 2114 3134 est
2151 3069 2634 3152 artificiosum,
2673 3069 2858 3156 quod

571 3219 656 3264 ex
689 3197 1010 3285 partibus
1050 3203 1120 3262 et
1176 3203 1377 3284 parte
1415 3196 1489 3261 in
1541 3195 2101 3262 circumferentia
2138 3203 2207 3261 et
2254 3196 2341 3262 ad
2391 3203 2730 3261 centrum·
2754 3203 2859 3261 est

572 3324 1009 3392 fabricatum.
1042 3326 1147 3390 45.
1171 3324 1370 3402 Quod
1402 3326 1632 3413 ipsum
1664 3325 1757 3390 sit
1788 3323 2092 3410 unicum,
2133 3325 2355 3391 solum
2389 3330 2458 3390 613
2486 3324 2851 3411 optimum,

573 3451 851 3537 signum
888 3456 993 3516 est
1031 3450 1214 3538 quod
1259 3450 1388 3517 hoc
1444 3458 1546 3516 est
1603 3449 2221 3537 simplicissimum,
2262 3457 2506 3537 utpote
2563 3471 2647 3515 ex
2693 3472 2862 3537 pau-

570 3575 872 3642 cioribus
931 3582 1281 3659 constanS‚
1342 3575 1782 3661 facillimum,
1823 3575 2301 3642 arithmeticae
2353 3575 2859 3662 computatorio

436 3703 525 3766 ‘25
572 3702 905 3790 suffragio
970 3723 1112 3768 non
1171 3702 1516 3790 indigum,
1573 3709 1642 3768 et
1690 3703 1874 3791 quod.
1939 3702 2061 3789 qui
2120 3703 2348 3789 ipsum
2404 3702 2728 3768 habuerit
2790 3710 2862 3768 et

576 3829 982 3916 cognoverit
1019 3837 1288 3896 caetera
1335 3838 1618 3917 cogetur
1664 3829 1989 3914 abiicere,
2048 3830 2157 3895 vel
2211 3828 2286 3894 in
2333 3828 2639 3895 iacturae
2697 3835 2863 3896 tem-

575 3957 764 4045 poris
783 3965 852 4023 et
873 3957 1087 4024 studii
1106 3958 1507 4024 memoriam
1532 3958 1847 4024 trabibus
1873 3979 2174 4045 appensa
2196 3954 2559 4021 custodire.
2581 3957 2686 4021 55.
2703 3955 2863 4022 Non

580 4091 684 4149 est
715 4084 938 4170 magis
975 4106 1291 4171 expresse
1342 4083 1736 4169 ignorantia
1770 4105 1978 4169 quam
2007 4104 2086 4146 ea
2120 4104 2296 4167 quae
2326 4079 2562 4146 addita
2587 4079 2864 4146 Euclidi

577 4219 894 4299 putatur,
935 4213 1350 4298 angulorum
1397 4219 1466 4276 et
1514 4210 2024 4296 triangulorum
2062 4209 2577 4297 sphaericorum
2614 4209 2864 4275 doctri-

594 4379 1259 4388 —ffl-—

776 4471 837 4522 19
868 4469 1284 4522 inuneiendum
