3738 5268
1529 473 1617 519 DE
1661 475 1988 521 MENSVRA.

614 630 689 696 Si
729 637 954 696 totum
993 635 1255 695 statuat
1293 628 1475 714 quod
1510 635 1771 715 puncto
1811 629 2189 713 attingitur
2226 651 2393 712 uno;

613 748 711 814 Ut
748 747 1086 832 triquetro
1127 746 1397 832 cyclum
1435 745 1666 831 spacio
1706 744 1963 810 similes
2001 745 2135 810 duo
2175 744 2464 831 pellunt.

613 867 827 931 Porro
866 866 986 930 ubi
1026 871 1188 930 sunt
1226 863 1483 951 parteis
1523 863 1795 949 integro
1833 862 2362 947 consimilareiS‚

613 983 966 1067 Rectaque
1002 980 1421 1046 concludunt
1460 1001 1779 1066 campum
1815 978 2131 1043 lateralia
2168 978 2312 1062 fila,

522 1097 563 1158 ἴ)
608 1099 767 1165 Non
810 1121 983 1186 opus
1021 1107 1124 1164 est
1160 1122 1454 1165 vacuum
1493 1121 1532 1163 a
1569 1097 1763 1185 plani
1801 1097 2229 1182 distinguere
2267 1120 2489 1162 sensu.

609 1214 938 1280 Protinus
976 1236 1138 1300 ergo
1178 1214 1369 1280 vides
1407 1236 1707 1300 quonam
1743 1220 1948 1300 pacto
1988 1213 2284 1298 angulus
2317 1212 2500 1277 idem

607 1331 692 1394 In
729 1330 1041 1416 geminas
1081 1337 1355 1396 tantum
1394 1336 1624 1396 currat
1662 1328 2023 1415 dispescile
2059 1329 2339 1428 parteis,

1371 1577 1672 1620 LEVCIPPI
1714 1577 2151 1624 TRIANGVLVS.

1283 2203 2168 2676 15343'252‘*

604 2950 783 3015 Nam
820 2951 1003 3017 latus
1041 2951 1331 3037 attingit
1369 2972 1836 3037 quaecumque
1875 2949 2167 3016 subinde
2204 2952 2425 3038 magis
2464 2976 2537 3019 se

478 3067 562 3130 10
607 3067 936 3152 Inclinat,
977 3067 1214 3134 veniat
1252 3069 1388 3133 nisi
1426 3089 1709 3133 numero
1749 3074 1944 3133 curta
1982 3066 2307 3151 secund0‚

611 3182 726 3247 Sic
765 3183 1144 3249 successive
1183 3192 1495 3249 centrum
1532 3184 1725 3251 venit
1765 3184 2003 3249 ordine
2042 3192 2320 3250 ternum

604 3301 699 3365 Et
737 3300 1020 3365 minime
1059 3300 1145 3365 ad
1182 3310 1517 3387 punctum
1556 3300 1777 3366 coitus
1813 3301 2009 3366 venit
2047 3302 2269 3367 omnis
2308 3303 2625 3385 eundem3

607 3416 758 3493 Quo
796 3416 1017 3503 magis
1056 3416 1431 3482 absurdum
1468 3424 1733 3503 pateat,
1776 3417 2051 3502 quando
2090 3419 2386 3502 angulus
2425 3440 2604 3483 unus

605 3533 699 3598 Et
736 3540 923 3598 recta
961 3540 1029 3599 et
1069 3556 1278 3598 curva
1316 3540 1706 3619 compostus
1746 3531 2046 3597 scindier
2082 3532 2290 3598 audet

481 3648 560 3710 15
606 3649 692 3714 In
727 3650 987 3736 parteis
1026 3672 1307 3733 aequaS,
1350 3648 1468 3714 ubi
1501 3648 1693 3713 nulla
1731 3648 1974 3713 electio
2014 3648 2233 3735 partis

607 3765 780 3830 Cum
820 3766 1088 3830 ratione
1120 3773 1348 3853 potest
1386 3764 1648 3847 induci3
1689 3788 1850 3830 nam
1890 3788 2111 3851 neque
2149 3765 2223 3830 in
2263 3789 2515 3851 aequas

610 3882 927 3947 Scindier
960 3882 1144 3948 hunc
1179 3884 1385 3949 liceat
1424 3881 1738 3968 geminas
1777 3882 2062 3969 parteis,
2105 3882 2266 3966 quia
2305 3907 2516 3949 curva

610 3998 974 4064 Terminus
1005 4005 1109 4065 est
1148 3998 1355 4064 istinc
1392 3998 1611 4085 partis
1649 3998 1919 4064 ratione
1957 3998 2256 4064 carentis

608 4114 720 4179 Ad
756 4121 1023 4201 partem
1062 4114 1478 4201 oppositam,
1519 4113 1905 4179 confessum
1946 4121 2025 4179 ut
2062 4115 2367 4200 undique
2406 4115 2627 4181 cernis

477 4233 565 4297 20
609 4230 833 4307 Quam
871 4231 1001 4297 siet
1039 4231 1126 4296 ad
1166 4254 1453 4297 curvum
1491 4237 1801 4317 spectata
1839 4231 2195 4317 proportio
2235 4240 2442 4297 recto.

609 4348 797 4434 Ergo
836 4347 1002 4412 satis
1043 4348 1292 4432 clueat,
1333 4347 1548 4413 veluti
1584 4370 1965 4433 numquam
2003 4347 2298 4434 angulus
2338 4348 2518 4412 idem

612 4464 936 4529 Attactus
973 4464 1127 4551 plus
1166 4488 1372 4550 quam
1412 4465 1724 4550 geminas
1763 4464 1926 4529 hinc
1962 4464 2254 4549 indeque
2293 4467 2553 4551 parteis

2774 462 2891 519 325

2843 1010 2896 1046 30
2972 1005 2977 1012 '

2883 3325 2965 3386 p.
3006 3311 3203 3375 185

2841 3683 2895 3719 40

2839 4261 2894 4299 45
