<?xml version="1.0" encoding="UTF-8"?>
<!DOCTYPE html PUBLIC "-//W3C//DTD XHTML 1.0 Transitional//EN"
    "http://www.w3.org/TR/xhtml1/DTD/xhtml1-transitional.dtd">
<html xmlns="http://www.w3.org/1999/xhtml" xml:lang="en" lang="en">
 <head>
  <title>
</title>
<meta http-equiv="Content-Type" content="text/html;charset=utf-8" />
  <meta name='ocr-system' content='tesseract 3.04.00' />
  <meta name='ocr-capabilities' content='ocr_page ocr_carea ocr_par ocr_line ocrx_word'/>
</head>
<body>
  <div class='ocr_page' id='page_1' title='image "./jordanibruninol00tallgoog_0374.png"; bbox 0 0 3738 5268; ppageno 0'>
   <div class='ocr_carea' id='block_1_1' title="bbox 871 483 2548 563">
    <p class='ocr_par' dir='ltr' id='par_1_1' title="bbox 871 483 2548 563">
     <span class='ocr_line' id='line_1_1' title="bbox 871 483 2548 563; baseline 0.001 -20"><span class='ocrx_word' id='word_1_1' title='bbox 871 483 991 544; x_wconf 85' lang='lat'>350</span> <span class='ocrx_word' id='word_1_2' title='bbox 1481 501 1758 544; x_wconf 59' lang='lat' dir='ltr'>tonnam</span> <span class='ocrx_word' id='word_1_3' title='bbox 1798 500 2001 544; x_wconf 71' lang='lat' dir='ltr'>Bavm</span> <span class='ocrx_word' id='word_1_4' title='bbox 2045 501 2134 545; x_wconf 78' lang='lat' dir='ltr'>DE</span> <span class='ocrx_word' id='word_1_5' title='bbox 2175 502 2442 563; x_wconf 65' lang='lat' dir='ltr'>unnim,</span> <span class='ocrx_word' id='word_1_6' title='bbox 2489 502 2548 545; x_wconf 79' lang='lat' dir='ltr'>v.</span> 
     </span>
    </p>
   </div>
   <div class='ocr_carea' id='block_1_2' title="bbox 1709 895 2322 962">
    <p class='ocr_par' dir='ltr' id='par_1_2' title="bbox 1709 895 2322 962">
     <span class='ocr_line' id='line_1_2' title="bbox 1709 895 2322 962; baseline 0.002 -3"><span class='ocrx_word' id='word_1_7' title='bbox 1709 895 2013 962; x_wconf 81' lang='lat' dir='ltr'><strong>CAPVT</strong></span> <span class='ocrx_word' id='word_1_8' title='bbox 2079 897 2322 961; x_wconf 90' lang='lat' dir='ltr'>XXII.</span> 
     </span>
    </p>
   </div>
   <div class='ocr_carea' id='block_1_3' title="bbox 1317 1094 2711 1145">
    <p class='ocr_par' dir='ltr' id='par_1_3' title="bbox 1317 1094 2711 1145">
     <span class='ocr_line' id='line_1_3' title="bbox 1317 1094 2711 1145; baseline 0.001 -14"><span class='ocrx_word' id='word_1_9' title='bbox 1317 1094 1383 1132; x_wconf 82' lang='lat' dir='ltr'>De</span> <span class='ocrx_word' id='word_1_10' title='bbox 1413 1095 1589 1132; x_wconf 77' lang='lat' dir='ltr'>occulta</span> <span class='ocrx_word' id='word_1_11' title='bbox 1617 1094 1872 1144; x_wconf 72' lang='lat' dir='ltr'>scriptura,</span> <span class='ocrx_word' id='word_1_12' title='bbox 1904 1094 2090 1134; x_wconf 76' lang='lat' dir='ltr'>minimo</span> <span class='ocrx_word' id='word_1_13' title='bbox 2119 1099 2163 1134; x_wconf 81' lang='lat' dir='ltr'>et</span> <span class='ocrx_word' id='word_1_14' title='bbox 2194 1105 2408 1134; x_wconf 75' lang='lat' dir='ltr'>mensura</span> <span class='ocrx_word' id='word_1_15' title='bbox 2437 1094 2711 1145; x_wconf 71' lang='lat' dir='ltr'><strong>explicabili.</strong></span> 
     </span>
    </p>
   </div>
   <div class='ocr_carea' id='block_1_4' title="bbox 742 1348 3486 4216">
    <p class='ocr_par' dir='ltr' id='par_1_4' title="bbox 742 1348 3486 4216">
     <span class='ocr_line' id='line_1_4' title="bbox 1051 1348 2701 1436; baseline -0.001 -21"><span class='ocrx_word' id='word_1_16' title='bbox 1051 1350 1321 1436; x_wconf 83' lang='lat' dir='ltr'>Exiguo</span> <span class='ocrx_word' id='word_1_17' title='bbox 1360 1371 1760 1435; x_wconf 88' lang='lat' dir='ltr'>comprensa</span> <span class='ocrx_word' id='word_1_18' title='bbox 1799 1348 1980 1413; x_wconf 91' lang='lat' dir='ltr'>oculi</span> <span class='ocrx_word' id='word_1_19' title='bbox 2019 1355 2158 1413; x_wconf 87' lang='lat' dir='ltr'>stat</span> <span class='ocrx_word' id='word_1_20' title='bbox 2195 1349 2434 1436; x_wconf 78' lang='lat' dir='ltr'>pervia</span> <span class='ocrx_word' id='word_1_21' title='bbox 2472 1356 2701 1414; x_wconf 87' lang='lat' dir='ltr'>tractu</span> 
     </span>
     <span class='ocr_line' id='line_1_5' title="bbox 874 1463 2717 1553; baseline -0.001 -21"><span class='ocrx_word' id='word_1_22' title='bbox 874 1468 1116 1549; x_wconf 81' lang='lat' dir='ltr'>Linea3</span> <span class='ocrx_word' id='word_1_23' title='bbox 1155 1465 1588 1553; x_wconf 78' lang='lat' dir='ltr'>perspicuam</span> <span class='ocrx_word' id='word_1_24' title='bbox 1627 1465 1837 1530; x_wconf 86' lang='lat' dir='ltr'>solers</span> <span class='ocrx_word' id='word_1_25' title='bbox 1876 1463 2071 1530; x_wconf 87' lang='lat' dir='ltr'>dabit</span> <span class='ocrx_word' id='word_1_26' title='bbox 2108 1465 2289 1530; x_wconf 88' lang='lat' dir='ltr'>hanc</span> <span class='ocrx_word' id='word_1_27' title='bbox 2326 1465 2717 1531; x_wconf 80' lang='lat' dir='ltr'>adolescens</span> 
     </span>
     <span class='ocr_line' id='line_1_6' title="bbox 785 1581 2770 1667; baseline 0.002 -25"><span class='ocrx_word' id='word_1_28' title='bbox 785 1582 826 1642; x_wconf 78' lang='lat'>5</span> <span class='ocrx_word' id='word_1_29' title='bbox 874 1581 1312 1667; x_wconf 88' lang='lat' dir='ltr'>Praecipiens</span> <span class='ocrx_word' id='word_1_30' title='bbox 1350 1581 1558 1646; x_wconf 86' lang='lat' dir='ltr'>rectis</span> <span class='ocrx_word' id='word_1_31' title='bbox 1599 1603 2072 1667; x_wconf 85' lang='lat' dir='ltr'>comprensam</span> <span class='ocrx_word' id='word_1_32' title='bbox 2112 1582 2517 1665; x_wconf 80' lang='lat' dir='ltr'>aequalibus</span> <span class='ocrx_word' id='word_1_33' title='bbox 2555 1603 2770 1666; x_wconf 88' lang='lat' dir='ltr'>usque</span> 
     </span>
     <span class='ocr_line' id='line_1_7' title="bbox 878 1697 2786 1783; baseline 0 -22"><span class='ocrx_word' id='word_1_34' title='bbox 878 1698 988 1762; x_wconf 89' lang='lat' dir='ltr'>Ad</span> <span class='ocrx_word' id='word_1_35' title='bbox 1028 1698 1306 1783; x_wconf 85' lang='lat' dir='ltr'>signum</span> <span class='ocrx_word' id='word_1_36' title='bbox 1342 1697 1588 1780; x_wconf 81' lang='lat' dir='ltr'>tensiS,</span> <span class='ocrx_word' id='word_1_37' title='bbox 1631 1719 1765 1781; x_wconf 87' lang='lat' dir='ltr'>quo</span> <span class='ocrx_word' id='word_1_38' title='bbox 1802 1697 2154 1782; x_wconf 84' lang='lat' dir='ltr'>integrum</span> <span class='ocrx_word' id='word_1_39' title='bbox 2194 1702 2395 1781; x_wconf 80' lang='lat' dir='ltr'>tanta</span> <span class='ocrx_word' id='word_1_40' title='bbox 2430 1697 2786 1782; x_wconf 86' lang='lat' dir='ltr'>trigonum</span> 
     </span>
     <span class='ocr_line' id='line_1_8' title="bbox 873 1812 3166 1897; baseline -0.001 -20"><span class='ocrx_word' id='word_1_41' title='bbox 873 1814 1259 1878; x_wconf 82' lang='lat' dir='ltr'>Concludat</span> <span class='ocrx_word' id='word_1_42' title='bbox 1297 1813 1484 1878; x_wconf 86' lang='lat' dir='ltr'>basis</span> <span class='ocrx_word' id='word_1_43' title='bbox 1525 1813 1600 1876; x_wconf 92' lang='lat' dir='ltr'>in</span> <span class='ocrx_word' id='word_1_44' title='bbox 1643 1835 1776 1897; x_wconf 89' lang='lat' dir='ltr'>qua</span> <span class='ocrx_word' id='word_1_45' title='bbox 1814 1834 2031 1897; x_wconf 89' lang='lat' dir='ltr'>aeque</span> <span class='ocrx_word' id='word_1_46' title='bbox 2070 1812 2389 1876; x_wconf 88' lang='lat' dir='ltr'>distando</span> <span class='ocrx_word' id='word_1_47' title='bbox 2428 1812 2677 1877; x_wconf 84' lang='lat' dir='ltr'>liturae</span> <span class='ocrx_word' id='word_1_48' title='bbox 3142 1844 3166 1882; x_wconf 84' lang='lat'><strong>5</strong></span> 
     </span>
     <span class='ocr_line' id='line_1_9' title="bbox 874 1928 2539 2016; baseline -0.001 -21"><span class='ocrx_word' id='word_1_49' title='bbox 874 1931 1216 2016; x_wconf 82' lang='lat' dir='ltr'>Exiguae,</span> <span class='ocrx_word' id='word_1_50' title='bbox 1258 1930 1477 1995; x_wconf 88' lang='lat' dir='ltr'>maior</span> <span class='ocrx_word' id='word_1_51' title='bbox 1514 1929 1701 1994; x_wconf 89' lang='lat' dir='ltr'>binis</span> <span class='ocrx_word' id='word_1_52' title='bbox 1737 1929 1993 1994; x_wconf 81' lang='lat' dir='ltr'>vicibu’</span> <span class='ocrx_word' id='word_1_53' title='bbox 2033 1936 2240 2013; x_wconf 88' lang='lat' dir='ltr'>atque</span> <span class='ocrx_word' id='word_1_54' title='bbox 2276 1928 2539 1994; x_wconf 85' lang='lat' dir='ltr'>vicenis</span> 
     </span>
     <span class='ocr_line' id='line_1_10' title="bbox 872 2045 2885 2132; baseline -0 -21"><span class='ocrx_word' id='word_1_55' title='bbox 872 2047 1079 2111; x_wconf 85' lang='lat' dir='ltr'>Illam</span> <span class='ocrx_word' id='word_1_56' title='bbox 1119 2045 1595 2132; x_wconf 76' lang='lat' dir='ltr'>comprendat,</span> <span class='ocrx_word' id='word_1_57' title='bbox 1634 2045 1927 2111; x_wconf 88' lang='lat' dir='ltr'>totidem</span> <span class='ocrx_word' id='word_1_58' title='bbox 1964 2045 2041 2109; x_wconf 85' lang='lat' dir='ltr'>in</span> <span class='ocrx_word' id='word_1_59' title='bbox 2076 2052 2447 2131; x_wconf 90' lang='lat' dir='ltr'>partesque</span> <span class='ocrx_word' id='word_1_60' title='bbox 2486 2053 2885 2132; x_wconf 77' lang='lat' dir='ltr'>superstans</span> 
     </span>
     <span class='ocr_line' id='line_1_11' title="bbox 746 2158 2611 2249; baseline 0.001 -27"><span class='ocrx_word' id='word_1_61' title='bbox 746 2158 832 2222; x_wconf 89' lang='grc'>10</span> <span class='ocrx_word' id='word_1_62' title='bbox 877 2162 1172 2227; x_wconf 84' lang='lat' dir='ltr'>Finibus</span> <span class='ocrx_word' id='word_1_63' title='bbox 1209 2185 1245 2226; x_wconf 91' lang='lat' dir='ltr'>e</span> <span class='ocrx_word' id='word_1_64' title='bbox 1284 2161 1585 2249; x_wconf 88' lang='lat' dir='ltr'>propriis</span> <span class='ocrx_word' id='word_1_65' title='bbox 1624 2160 1971 2225; x_wconf 87' lang='lat' dir='ltr'>discindat</span> <span class='ocrx_word' id='word_1_66' title='bbox 2010 2161 2215 2225; x_wconf 86' lang='lat' dir='ltr'>turba</span> <span class='ocrx_word' id='word_1_67' title='bbox 2252 2168 2611 2226; x_wconf 89' lang='lat' dir='ltr'>tomorum.</span> 
     </span>
     <span class='ocr_line' id='line_1_12' title="bbox 883 2276 2541 2362; baseline -0.001 -21"><span class='ocrx_word' id='word_1_68' title='bbox 883 2278 1059 2342; x_wconf 89' lang='lat' dir='ltr'>Heic</span> <span class='ocrx_word' id='word_1_69' title='bbox 1096 2277 1329 2343; x_wconf 87' lang='lat' dir='ltr'>radius</span> <span class='ocrx_word' id='word_1_70' title='bbox 1367 2277 1526 2362; x_wconf 85' lang='lat' dir='ltr'>gyri</span> <span class='ocrx_word' id='word_1_71' title='bbox 1566 2283 1669 2342; x_wconf 90' lang='lat' dir='ltr'>est</span> <span class='ocrx_word' id='word_1_72' title='bbox 1707 2276 1986 2360; x_wconf 86' lang='lat' dir='ltr'>aequati</span> <span class='ocrx_word' id='word_1_73' title='bbox 2025 2283 2213 2340; x_wconf 89' lang='lat' dir='ltr'>costa</span> <span class='ocrx_word' id='word_1_74' title='bbox 2249 2276 2541 2362; x_wconf 86' lang='lat' dir='ltr'>trigoni,</span> 
     </span>
     <span class='ocr_line' id='line_1_13' title="bbox 876 2392 3157 2478; baseline -0 -21"><span class='ocrx_word' id='word_1_75' title='bbox 876 2393 1005 2459; x_wconf 85' lang='lat' dir='ltr'>Cui</span> <span class='ocrx_word' id='word_1_76' title='bbox 1042 2394 1534 2459; x_wconf 87' lang='lat' dir='ltr'>elementorum</span> <span class='ocrx_word' id='word_1_77' title='bbox 1570 2414 1929 2457; x_wconf 89' lang='lat' dir='ltr'>numerum</span> <span class='ocrx_word' id='word_1_78' title='bbox 1972 2392 2156 2457; x_wconf 87' lang='lat' dir='ltr'>basis</span> <span class='ocrx_word' id='word_1_79' title='bbox 2195 2392 2495 2478; x_wconf 82' lang='lat' dir='ltr'>explicat</span> <span class='ocrx_word' id='word_1_80' title='bbox 2533 2415 2671 2457; x_wconf 88' lang='lat' dir='ltr'>una</span> <span class='ocrx_word' id='word_1_81' title='bbox 3108 2427 3157 2462; x_wconf 73' lang='grc' dir='ltr'>ιο</span> 
     </span>
     <span class='ocr_line' id='line_1_14' title="bbox 874 2508 2593 2594; baseline -0.001 -20"><span class='ocrx_word' id='word_1_82' title='bbox 874 2509 1226 2591; x_wconf 88' lang='lat' dir='ltr'>Partibus;</span> <span class='ocrx_word' id='word_1_83' title='bbox 1267 2508 1450 2575; x_wconf 88' lang='lat' dir='ltr'>unde</span> <span class='ocrx_word' id='word_1_84' title='bbox 1489 2516 1747 2594; x_wconf 84' lang='lat' dir='ltr'>queant</span> <span class='ocrx_word' id='word_1_85' title='bbox 1784 2529 1984 2573; x_wconf 85' lang='lat' dir='ltr'>voces</span> <span class='ocrx_word' id='word_1_86' title='bbox 2021 2530 2145 2594; x_wconf 86' lang='lat' dir='ltr'>per</span> <span class='ocrx_word' id='word_1_87' title='bbox 2182 2508 2333 2573; x_wconf 83' lang='lat' dir='ltr'>visa</span> <span class='ocrx_word' id='word_1_88' title='bbox 2370 2509 2593 2573; x_wconf 85' lang='lat' dir='ltr'>teneri</span> 
     </span>
     <span class='ocr_line' id='line_1_15' title="bbox 874 2623 2591 2709; baseline 0.001 -21"><span class='ocrx_word' id='word_1_89' title='bbox 874 2624 1162 2690; x_wconf 87' lang='lat' dir='ltr'>Illorum</span> <span class='ocrx_word' id='word_1_90' title='bbox 1199 2624 1274 2689; x_wconf 89' lang='lat' dir='ltr'>in</span> <span class='ocrx_word' id='word_1_91' title='bbox 1314 2624 1586 2708; x_wconf 84' lang='lat' dir='ltr'>seriem,</span> <span class='ocrx_word' id='word_1_92' title='bbox 1625 2623 1834 2689; x_wconf 88' lang='lat' dir='ltr'>series</span> <span class='ocrx_word' id='word_1_93' title='bbox 1871 2623 2210 2709; x_wconf 85' lang='lat' dir='ltr'>graduata</span> <span class='ocrx_word' id='word_1_94' title='bbox 2248 2631 2591 2690; x_wconf 88' lang='lat' dir='ltr'>tomorum</span> 
     </span>
     <span class='ocr_line' id='line_1_16' title="bbox 746 2722 2360 2807; baseline 0.001 -5"><span class='ocrx_word' id='word_1_95' title='bbox 746 2739 828 2802; x_wconf 84' lang='lat'>15</span> <span class='ocrx_word' id='word_1_96' title='bbox 875 2741 1146 2805; x_wconf 82' lang='lat' dir='ltr'>Iudicat</span> <span class='ocrx_word' id='word_1_97' title='bbox 1184 2748 1262 2806; x_wconf 90' lang='lat' dir='ltr'>ut</span> <span class='ocrx_word' id='word_1_98' title='bbox 1301 2741 1534 2807; x_wconf 89' lang='lat' dir='ltr'>radius</span> <span class='ocrx_word' id='word_1_99' title='bbox 1572 2740 1785 2806; x_wconf 88' lang='lat' dir='ltr'>variis</span> <span class='ocrx_word' id='word_1_100' title='bbox 1824 2763 1953 2805; x_wconf 88' lang='lat' dir='ltr'>usu</span> <span class='ocrx_word' id='word_1_101' title='bbox 1991 2722 2121 2805; x_wconf 84' lang='lat' dir='ltr'>siet</span> <span class='ocrx_word' id='word_1_102' title='bbox 2158 2740 2360 2805; x_wconf 89' lang='lat' dir='ltr'>idem.</span> 
     </span>
     <span class='ocr_line' id='line_1_17' title="bbox 875 2856 3486 2944; baseline 0.002 -22"><span class='ocrx_word' id='word_1_103' title='bbox 875 2857 1254 2944; x_wconf 85' lang='lat' dir='ltr'>Tangendo</span> <span class='ocrx_word' id='word_1_104' title='bbox 1291 2857 1604 2944; x_wconf 88' lang='lat' dir='ltr'>apposite</span> <span class='ocrx_word' id='word_1_105' title='bbox 1644 2856 1981 2942; x_wconf 86' lang='lat' dir='ltr'>quidquid</span> <span class='ocrx_word' id='word_1_106' title='bbox 2018 2857 2414 2923; x_wconf 77' lang='lat' dir='ltr'>recitaverit</span> <span class='ocrx_word' id='word_1_107' title='bbox 2452 2881 2695 2943; x_wconf 91' lang='lat' dir='ltr'>unum,</span> <span class='ocrx_word' id='word_1_108' title='bbox 3151 2878 3231 2939; x_wconf 84' lang='lat' dir='ltr'>p.</span> <span class='ocrx_word' id='word_1_109' title='bbox 3266 2864 3486 2927; x_wconf 77' lang='lat'>209</span> 
     </span>
     <span class='ocr_line' id='line_1_18' title="bbox 875 2973 3161 3061; baseline -0 -22"><span class='ocrx_word' id='word_1_110' title='bbox 875 2974 1205 3039; x_wconf 85' lang='lat' dir='ltr'>Cruribus</span> <span class='ocrx_word' id='word_1_111' title='bbox 1244 2974 1538 3061; x_wconf 83' lang='lat' dir='ltr'>accipiet</span> <span class='ocrx_word' id='word_1_112' title='bbox 1576 2973 1931 3058; x_wconf 85' lang='lat' dir='ltr'>tangentis</span> <span class='ocrx_word' id='word_1_113' title='bbox 1970 2973 2209 3038; x_wconf 81' lang='lat' dir='ltr'>dextra</span> <span class='ocrx_word' id='word_1_114' title='bbox 2246 2973 2585 3059; x_wconf 86' lang='lat' dir='ltr'>gemellis,</span> <span class='ocrx_word' id='word_1_115' title='bbox 2781 3043 2783 3045; x_wconf 79' lang='lat'>.</span> <span class='ocrx_word' id='word_1_116' title='bbox 3112 3006 3161 3043; x_wconf 81' lang='lat'>15</span> 
     </span>
     <span class='ocr_line' id='line_1_19' title="bbox 876 3091 2917 3177; baseline 0.001 -22"><span class='ocrx_word' id='word_1_117' title='bbox 876 3091 1065 3168; x_wconf 84' lang='lat' dir='ltr'>Quae</span> <span class='ocrx_word' id='word_1_118' title='bbox 1103 3113 1338 3155; x_wconf 84' lang='lat' dir='ltr'>versus</span> <span class='ocrx_word' id='word_1_119' title='bbox 1379 3112 1807 3174; x_wconf 86' lang='lat' dir='ltr'>quocumque</span> <span class='ocrx_word' id='word_1_120' title='bbox 1845 3096 2080 3153; x_wconf 88' lang='lat' dir='ltr'>meant</span> <span class='ocrx_word' id='word_1_121' title='bbox 2118 3112 2257 3154; x_wconf 89' lang='lat' dir='ltr'>non</span> <span class='ocrx_word' id='word_1_122' title='bbox 2293 3091 2610 3177; x_wconf 86' lang='lat' dir='ltr'>passibus</span> <span class='ocrx_word' id='word_1_123' title='bbox 2650 3093 2917 3176; x_wconf 85' lang='lat' dir='ltr'>aequiS,</span> 
     </span>
     <span class='ocr_line' id='line_1_20' title="bbox 875 3204 2716 3292; baseline -0.001 -20"><span class='ocrx_word' id='word_1_124' title='bbox 875 3209 974 3274; x_wconf 86' lang='lat' dir='ltr'>Ut</span> <span class='ocrx_word' id='word_1_125' title='bbox 1011 3229 1232 3292; x_wconf 84' lang='lat' dir='ltr'>neque</span> <span class='ocrx_word' id='word_1_126' title='bbox 1272 3206 1684 3271; x_wconf 87' lang='lat' dir='ltr'>continuant</span> <span class='ocrx_word' id='word_1_127' title='bbox 1723 3204 1984 3269; x_wconf 83' lang='lat' dir='ltr'>directo</span> <span class='ocrx_word' id='word_1_128' title='bbox 2023 3206 2301 3269; x_wconf 87' lang='lat' dir='ltr'>tramite</span> <span class='ocrx_word' id='word_1_129' title='bbox 2340 3229 2716 3289; x_wconf 84' lang='lat' dir='ltr'>nunquam.</span> 
     </span>
     <span class='ocr_line' id='line_1_21' title="bbox 742 3323 2595 3409; baseline 0.001 -23"><span class='ocrx_word' id='word_1_130' title='bbox 742 3324 830 3388; x_wconf 82' lang='lat'>20</span> <span class='ocrx_word' id='word_1_131' title='bbox 875 3325 1090 3389; x_wconf 88' lang='lat' dir='ltr'>Porro</span> <span class='ocrx_word' id='word_1_132' title='bbox 1128 3330 1499 3409; x_wconf 86' lang='lat' dir='ltr'>conceptus</span> <span class='ocrx_word' id='word_1_133' title='bbox 1538 3328 1774 3387; x_wconf 88' lang='lat' dir='ltr'>centro</span> <span class='ocrx_word' id='word_1_134' title='bbox 1813 3328 1934 3386; x_wconf 88' lang='lat' dir='ltr'>aut</span> <span class='ocrx_word' id='word_1_135' title='bbox 1972 3330 2297 3409; x_wconf 86' lang='lat' dir='ltr'>nascatur</span> <span class='ocrx_word' id='word_1_136' title='bbox 2338 3323 2424 3387; x_wconf 89' lang='lat' dir='ltr'>ab</span> <span class='ocrx_word' id='word_1_137' title='bbox 2458 3345 2595 3387; x_wconf 92' lang='lat' dir='ltr'>uno</span> 
     </span>
     <span class='ocr_line' id='line_1_22' title="bbox 876 3439 2747 3526; baseline 0.001 -22"><span class='ocrx_word' id='word_1_138' title='bbox 876 3440 1281 3525; x_wconf 87' lang='lat' dir='ltr'>Comprensi</span> <span class='ocrx_word' id='word_1_139' title='bbox 1320 3439 1564 3526; x_wconf 83' lang='lat' dir='ltr'>spacii,</span> <span class='ocrx_word' id='word_1_140' title='bbox 1607 3447 1727 3503; x_wconf 88' lang='lat' dir='ltr'>aut</span> <span class='ocrx_word' id='word_1_141' title='bbox 1764 3461 1887 3525; x_wconf 88' lang='lat' dir='ltr'>per</span> <span class='ocrx_word' id='word_1_142' title='bbox 1926 3445 2188 3503; x_wconf 88' lang='lat' dir='ltr'>rectum</span> <span class='ocrx_word' id='word_1_143' title='bbox 2227 3440 2747 3523; x_wconf 83' lang='lat' dir='ltr'>continuentur,</span> 
     </span>
     <span class='ocr_line' id='line_1_23' title="bbox 876 3553 3164 3639; baseline 0 -20"><span class='ocrx_word' id='word_1_144' title='bbox 876 3556 1021 3620; x_wconf 88' lang='lat' dir='ltr'>Aut</span> <span class='ocrx_word' id='word_1_145' title='bbox 1061 3555 1550 3639; x_wconf 84' lang='lat' dir='ltr'>cuiuscumque</span> <span class='ocrx_word' id='word_1_146' title='bbox 1587 3553 1881 3619; x_wconf 87' lang='lat' dir='ltr'>formam</span> <span class='ocrx_word' id='word_1_147' title='bbox 1921 3553 2248 3639; x_wconf 83' lang='lat' dir='ltr'>capiunto</span> <span class='ocrx_word' id='word_1_148' title='bbox 2289 3555 2610 3619; x_wconf 88' lang='lat' dir='ltr'>elementi</span> <span class='ocrx_word' id='word_1_149' title='bbox 3109 3588 3164 3625; x_wconf 77' lang='lat'>20</span> 
     </span>
     <span class='ocr_line' id='line_1_24' title="bbox 877 3669 2563 3758; baseline -0.001 -22"><span class='ocrx_word' id='word_1_150' title='bbox 877 3671 1367 3758; x_wconf 88' lang='lat' dir='ltr'>Compositive,</span> <span class='ocrx_word' id='word_1_151' title='bbox 1409 3670 1549 3735; x_wconf 89' lang='lat' dir='ltr'>suis</span> <span class='ocrx_word' id='word_1_152' title='bbox 1589 3670 1752 3756; x_wconf 86' lang='lat' dir='ltr'>quia</span> <span class='ocrx_word' id='word_1_153' title='bbox 1790 3669 2045 3735; x_wconf 87' lang='lat' dir='ltr'>finibus</span> <span class='ocrx_word' id='word_1_154' title='bbox 2084 3670 2314 3734; x_wconf 90' lang='lat' dir='ltr'>omnia</span> <span class='ocrx_word' id='word_1_155' title='bbox 2354 3693 2563 3735; x_wconf 82' lang='lat' dir='ltr'>curvo</span> 
     </span>
     <span class='ocr_line' id='line_1_25' title="bbox 881 3786 2729 3871; baseline 0 -20"><span class='ocrx_word' id='word_1_156' title='bbox 881 3787 1014 3851; x_wconf 84' lang='lat' dir='ltr'>Seu</span> <span class='ocrx_word' id='word_1_157' title='bbox 1051 3786 1344 3851; x_wconf 83' lang='lat' dir='ltr'>tendant</span> <span class='ocrx_word' id='word_1_158' title='bbox 1382 3786 1593 3851; x_wconf 88' lang='lat' dir='ltr'>ductu</span> <span class='ocrx_word' id='word_1_159' title='bbox 1633 3809 1752 3850; x_wconf 85' lang='lat' dir='ltr'>seu</span> <span class='ocrx_word' id='word_1_160' title='bbox 1790 3793 1977 3850; x_wconf 82' lang='lat' dir='ltr'>recto</span> <span class='ocrx_word' id='word_1_161' title='bbox 2015 3808 2131 3849; x_wconf 88' lang='lat' dir='ltr'>seu</span> <span class='ocrx_word' id='word_1_162' title='bbox 2173 3807 2443 3870; x_wconf 86' lang='lat' dir='ltr'>quoque</span> <span class='ocrx_word' id='word_1_163' title='bbox 2482 3786 2729 3871; x_wconf 86' lang='lat' dir='ltr'>mixtO,</span> 
     </span>
     <span class='ocr_line' id='line_1_26' title="bbox 747 3902 2660 3987; baseline -0.004 -14"><span class='ocrx_word' id='word_1_164' title='bbox 747 3911 832 3974; x_wconf 80' lang='lat'>25</span> <span class='ocrx_word' id='word_1_165' title='bbox 880 3902 1268 3968; x_wconf 85' lang='lat' dir='ltr'>Dummodo</span> <span class='ocrx_word' id='word_1_166' title='bbox 1305 3902 1412 3967; x_wconf 84' lang='lat' dir='ltr'>vis</span> <span class='ocrx_word' id='word_1_167' title='bbox 1452 3925 1789 3987; x_wconf 79' lang='lat' dir='ltr'>nusquam</span> <span class='ocrx_word' id='word_1_168' title='bbox 1830 3902 2149 3967; x_wconf 85' lang='lat' dir='ltr'>turbetur</span> <span class='ocrx_word' id='word_1_169' title='bbox 2186 3902 2660 3987; x_wconf 79' lang='lat' dir='ltr'>significatrix.</span> 
     </span>
     <span class='ocr_line' id='line_1_27' title="bbox 887 4017 2769 4103; baseline 0.001 -21"><span class='ocrx_word' id='word_1_170' title='bbox 887 4018 1208 4096; x_wconf 79' lang='lat' dir='ltr'>Qualibet</span> <span class='ocrx_word' id='word_1_171' title='bbox 1245 4017 1410 4081; x_wconf 85' lang='lat' dir='ltr'>haec</span> <span class='ocrx_word' id='word_1_172' title='bbox 1449 4018 1666 4103; x_wconf 83' lang='lat' dir='ltr'>igitur</span> <span class='ocrx_word' id='word_1_173' title='bbox 1703 4024 2111 4102; x_wconf 81' lang='lat' dir='ltr'>regerantur</span> <span class='ocrx_word' id='word_1_174' title='bbox 2150 4025 2357 4102; x_wconf 87' lang='lat' dir='ltr'>sorte,</span> <span class='ocrx_word' id='word_1_175' title='bbox 2396 4019 2506 4083; x_wconf 82' lang='lat' dir='ltr'>vel</span> <span class='ocrx_word' id='word_1_176' title='bbox 2546 4028 2624 4083; x_wconf 87' lang='lat' dir='ltr'>ut</span> <span class='ocrx_word' id='word_1_177' title='bbox 2664 4019 2769 4084; x_wconf 85' lang='lat' dir='ltr'>vis</span> 
     </span>
     <span class='ocr_line' id='line_1_28' title="bbox 887 4132 3163 4216; baseline 0.002 -19"><span class='ocrx_word' id='word_1_178' title='bbox 887 4132 1188 4199; x_wconf 86' lang='lat' dir='ltr'>Confusa</span> <span class='ocrx_word' id='word_1_179' title='bbox 1228 4140 1476 4198; x_wconf 89' lang='lat' dir='ltr'>coeunt</span> <span class='ocrx_word' id='word_1_180' title='bbox 1514 4134 1719 4198; x_wconf 86' lang='lat' dir='ltr'>turba</span> <span class='ocrx_word' id='word_1_181' title='bbox 1755 4134 1956 4199; x_wconf 86' lang='lat' dir='ltr'>modo</span> <span class='ocrx_word' id='word_1_182' title='bbox 1996 4140 2257 4199; x_wconf 85' lang='lat' dir='ltr'>tractus</span> <span class='ocrx_word' id='word_1_183' title='bbox 2296 4135 2596 4216; x_wconf 83' lang='lat' dir='ltr'>abunde3</span> <span class='ocrx_word' id='word_1_184' title='bbox 3111 4163 3163 4201; x_wconf 75' lang='lat'>25</span> 
     </span>
    </p>
   </div>
   <div class='ocr_carea' id='block_1_5' title="bbox 885 4344 3161 4571">
    <p class='ocr_par' dir='ltr' id='par_1_5' title="bbox 885 4344 3161 4571">
     <span class='ocr_line' id='line_1_29' title="bbox 1067 4344 3161 4408; baseline 0 -16"><span class='ocrx_word' id='word_1_185' title='bbox 1067 4345 1094 4392; x_wconf 92' lang='grc'>1</span> <span class='ocrx_word' id='word_1_186' title='bbox 1129 4344 1358 4408; x_wconf 75' lang='lat' dir='ltr'>capitolo</span> <span class='ocrx_word' id='word_1_187' title='bbox 1390 4345 1529 4393; x_wconf 70' lang='lat' dir='ltr'>(Iuro</span> <span class='ocrx_word' id='word_1_188' title='bbox 1565 4345 1638 4393; x_wconf 67' lang='lat' dir='ltr'>acl</span> <span class='ocrx_word' id='word_1_189' title='bbox 1673 4344 1966 4403; x_wconf 74' lang='lat' dir='ltr'>intendere,</span> <span class='ocrx_word' id='word_1_190' title='bbox 2004 4344 2228 4408; x_wconf 56' lang='lat' dir='ltr'>difficile</span> <span class='ocrx_word' id='word_1_191' title='bbox 2263 4345 2335 4393; x_wconf 68' lang='lat' dir='ltr'>ad</span> <span class='ocrx_word' id='word_1_192' title='bbox 2372 4344 2774 4408; x_wconf 69' lang='lat' dir='ltr'>inlerpaemyere‚</span> <span class='ocrx_word' id='word_1_193' title='bbox 2811 4345 2874 4393; x_wconf 78' lang='lat' dir='ltr'>ed</span> <span class='ocrx_word' id='word_1_194' title='bbox 2906 4344 3161 4393; x_wconf 71' lang='lat' dir='ltr'>evidenle-</span> 
     </span>
     <span class='ocr_line' id='line_1_30' title="bbox 885 4424 3161 4490; baseline 0.003 -17"><span class='ocrx_word' id='word_1_195' title='bbox 885 4429 1048 4473; x_wconf 74' lang='lat' dir='ltr'>mente</span> <span class='ocrx_word' id='word_1_196' title='bbox 1077 4424 1187 4473; x_wconf 81' lang='lat' dir='ltr'>mal</span> <span class='ocrx_word' id='word_1_197' title='bbox 1217 4432 1440 4475; x_wconf 67' lang='lat' dir='ltr'>corr-etto</span> <span class='ocrx_word' id='word_1_198' title='bbox 1475 4425 1809 4476; x_wconf 71' lang='lat' dir='ltr'>clall’autore</span> <span class='ocrx_word' id='word_1_199' title='bbox 1845 4426 2145 4485; x_wconf 50' lang='lat' dir='ltr'>medes-imo,</span> <span class='ocrx_word' id='word_1_200' title='bbox 2182 4427 2273 4475; x_wconf 81' lang='lat' dir='ltr'>che</span> <span class='ocrx_word' id='word_1_201' title='bbox 2308 4426 2360 4475; x_wconf 80' lang='grc' dir='ltr'>υἱ</span> <span class='ocrx_word' id='word_1_202' title='bbox 2396 4427 2467 4474; x_wconf 75' lang='lat' dir='ltr'>lta</span> <span class='ocrx_word' id='word_1_203' title='bbox 2502 4427 2724 4475; x_wconf 58' lang='lat' dir='ltr'>casciano</span> <span class='ocrx_word' id='word_1_204' title='bbox 2765 4426 2901 4475; x_wconf 72' lang='lat' dir='ltr'>versi</span> <span class='ocrx_word' id='word_1_205' title='bbox 2922 4426 3070 4490; x_wconf 77' lang='lat' dir='ltr'>falsi</span> <span class='ocrx_word' id='word_1_206' title='bbox 3104 4429 3161 4479; x_wconf 70' lang='lat' dir='ltr'>in</span> 
     </span>
     <span class='ocr_line' id='line_1_31' title="bbox 885 4504 2627 4571; baseline 0.001 -17"><span class='ocrx_word' id='word_1_207' title='bbox 885 4520 1102 4554; x_wconf 76' lang='lat' dir='ltr'>numero</span> <span class='ocrx_word' id='word_1_208' title='bbox 1126 4504 1394 4570; x_wconf 71' lang='lat' dir='ltr'>mayyiore</span> <span class='ocrx_word' id='word_1_209' title='bbox 1414 4505 1498 4555; x_wconf 79' lang='lat' dir='ltr'>del</span> <span class='ocrx_word' id='word_1_210' title='bbox 1520 4506 1673 4555; x_wconf 71' lang='lat' dir='ltr'>solito</span> <span class='ocrx_word' id='word_1_211' title='bbox 1800 4508 1862 4556; x_wconf 79' lang='lat'>18</span> <span class='ocrx_word' id='word_1_212' title='bbox 1899 4523 2065 4558; x_wconf 80' lang='lat' dir='ltr'>versu</span> <span class='ocrx_word' id='word_1_213' title='bbox 2081 4508 2240 4571; x_wconf 72' lang='lat' dir='ltr'>sot-se</span> <span class='ocrx_word' id='word_1_214' title='bbox 2268 4514 2583 4558; x_wconf 83' lang='lat' dir='ltr'>nascantur</span> <span class='ocrx_word' id='word_1_215' title='bbox 2600 4508 2627 4556; x_wconf 61' lang='lat'>2³</span> 
     </span>
    </p>
   </div>
  </div>
 </body>
</html>
