3738 5268
1353 522 1441 566 m:
1482 522 1704 566 mmm
1750 520 2162 565 itineri-mma.
2785 505 2893 563 137

768 687 803 734 ‘H
837 681 934 739 49.
977 677 1205 737 Sensus
1235 685 1331 736 est
1359 677 1568 737 oculus
1602 677 1665 734 in
1700 693 1946 736 carcere
1973 676 2387 749 tenebrarum,
2425 694 2624 734 rernm
2655 674 2892 734 colores

609 803 672 854 et
705 793 1090 873 superficiem
1124 792 1318 853 veluti
1357 813 1469 871 per
1502 791 1810 852 cancellos
1855 800 1919 852 et
1951 790 2248 851 foramina
2278 790 2678 868 prospiciens,
2707 791 2892 849 Ratio

609 920 913 986 tamqnam
963 929 1073 989 per
1116 909 1452 969 fenestram
1497 909 1700 968 lumen
1740 928 1775 966 a
1823 909 1956 967 sole
2002 907 2292 966 derivans
2345 914 2407 966 et
2446 907 2525 965 ad
2569 906 2764 966 solem
2805 927 2894 966 re-

611 1046 984 1106 percussum,
1014 1024 1521 1102 quemadmodum
1548 1023 1612 1083 in
1642 1044 1898 1102 corpore
1921 1024 2102 1084 lunae
2131 1023 2500 1102 speculatur.
2528 1022 2895 1082 Intellectus

523 1136 564 1199 5
613 1143 673 1202 in
715 1150 929 1221 aperto
961 1148 1023 1201 et
1064 1141 1238 1217 quasi
1283 1161 1358 1200 ex
1401 1141 1526 1200 alta
1570 1140 1821 1219 specula
1866 1139 2148 1224 undique
2177 1139 2389 1199 oculus
2428 1159 2614 1217 super
2657 1159 2896 1199 omnem

612 1256 1188 1336 particularitatem,
1243 1255 1487 1315 turbam
1529 1262 1593 1315 et
1634 1253 2056 1315 confusionem
2105 1255 2168 1313 in
2212 1254 2530 1330 univerSO,
2580 1263 2642 1313 et
2685 1253 2894 1313 distin·

608 1374 809 1432 ctione
845 1372 1186 1451 specierum
1219 1371 1420 1450 ipsum
1456 1368 1946 1448 praefulgentem
1976 1370 2169 1430 solem
2206 1370 2666 1448 contemplatur.

768 1499 803 1545 τ
838 1490 931 1548 76.
975 1485 1160 1547 Ratio
1203 1506 1271 1547 se
1304 1487 1487 1546 facile
1517 1485 1580 1544 in
1617 1495 1881 1545 mentem
1923 1484 2264 1561 attolleret,
2309 1485 2429 1545 nisi
2472 1484 2776 1546 variorum
2812 1483 2912 1545 af-.

612 1603 878 1665 fectuum
920 1604 981 1663 in
1025 1622 1250 1662 oceano
1304 1601 1605 1662 fluctuans
1648 1601 2123 1676 distraheretur3
2187 1601 2427 1678 quando
2484 1608 2700 1660 natura
2742 1621 2901 1660 com-

483 1714 567 1776 10
610 1726 889 1799 paratum
925 1727 1047 1796 est,
1083 1725 1152 1777 nt
1184 1717 1449 1778 diversis
1491 1716 1726 1776 animae
1769 1715 2168 1776 facultatibus
2202 1716 2280 1774 ad
2313 1716 2574 1776 totidem
2610 1735 2797 1794 opera
2831 1726 2895 1777 et

615 1835 874 1896 effectus
917 1835 1106 1895 variis
1151 1833 1611 1911 operationibus
1647 1840 1710 1892 et
1743 1833 1983 1893 actibus
2025 1832 2382 1908 accingatur
2418 1840 2481 1891 et
2513 1832 2895 1908 expediatur.

610 1953 838 2028 Magna
878 1951 1180 2027 siquidem
1221 1962 1405 2025 atque
1447 1949 1601 2009 mira
1642 1949 1945 2010 varietate
1998 1949 2260 2010 conflata
2311 1949 2662 2026 respublica
2713 1949 2894 2008 homo

612 2075 732 2145 est,
770 2068 829 2126 in
866 2088 985 2144 qua
1020 2074 1113 2127 tot
1153 2074 1348 2145 arteS,
1383 2072 1610 2144 statua,
1647 2066 2057 2142 conditioneS,
2097 2066 2348 2142 graduS,
2399 2065 2668 2141 ordineS,
2717 2063 2899 2123 offici-

609 2202 753 2261 nae,
790 2183 1220 2260 instrumenta,
1253 2182 1636 2260 magisteria,
1669 2181 2036 2257 ministeria3
2064 2190 2246 2260 atque
2280 2182 2420 2242 ideo
2452 2201 2572 2240 non
2598 2181 2719 2242 nisi
2745 2179 2897 2238 fina-

482 2301 564 2364 15
611 2300 753 2359 liter
792 2300 957 2378 pot-is
1004 2308 1101 2360 est
1153 2308 1287 2360 tota
1336 2300 1399 2358 in
1453 2319 1639 2359 unum
1692 2298 2113 2359 tantummodo
2165 2299 2468 2359 obiectum
2526 2298 2890 2374 collineare,

609 2415 793 2492 idque
843 2415 1286 2494 dignissimum.
1332 2415 1511 2487 Quod
1555 2413 1821 2476 efficitur
1860 2416 2102 2492 quoties
2145 2415 2526 2482 intellectiva
2567 2414 2672 2496 vol
2687 2415 2891 2474 luntas

608 2534 799 2592 totius
834 2534 1215 2593 substantiae
1258 2533 1630 2594 moderatrix
1660 2534 1890 2612 optimo
1919 2533 2221 2611 principio
2251 2533 2590 2610 copulatur.
2619 2533 2895 2608 Indeque

608 2652 865 2730 perinde
901 2654 1089 2713 totius
1122 2653 1421 2732 perfectio
1460 2661 1640 2729 atque
1676 2653 1967 2712 nobilitas
2003 2652 2420 2730 consequitur,
2454 2659 2634 2727 atque
2672 2671 2894 2730 corpus

611 2768 877 2830 civitatis
915 2790 1050 2830 cum
1094 2771 1387 2849 principis
1431 2770 1747 2831 voluntate
1789 2789 2032 2829 suarum
2066 2789 2177 2848 pro
2214 2770 2479 2849 partium
2516 2770 2894 2848 proprietate

476 2886 566 2948 20
609 2905 998 2957 concurrens,
1024 2886 1209 2946 etiam
1232 2887 1284 2947 si
1306 2887 1457 2946 nihil
1482 2886 1667 2947 altius
1690 2893 1753 2947 et
1776 2886 2047 2947 exterius
2085 2886 2391 2963 intendat,
2429 2887 2490 2945 in
2516 2887 2786 2948 eiusdem
2812 2886 2895 2945 in-

607 3001 908 3079 telligitur
935 3021 1072 3062 esse
1094 3003 1319 3080 gratia,
1347 3003 1421 3062 de
1448 3003 1617 3063 cuius
1639 3002 1872 3080 gaudet
1895 3023 2098 3063 amore
2121 3012 2305 3078 atque
2329 3002 2542 3064 favore
2579 3004 2886 3082 princeps,

769 3131 802 3178 ‘ff
835 3120 931 3178 98.
973 3118 1073 3178 Ad
1119 3128 1350 3179 certum
1397 3119 1713 3179 felicitatis
1755 3140 1951 3197 genus
1995 3140 2117 3179 non
2162 3119 2456 3179 debemus
2501 3139 2719 3197 sapere
2754 3119 2894 3197 plus

607 3255 787 3310 quam
828 3241 1101 3313 oportet,
1139 3234 1215 3294 ad
1254 3234 1655 3295 foelicitatem
1698 3256 1843 3295 vero
1884 3235 2272 3314 simpliciter,
2319 3255 2452 3294 cum
2489 3234 2648 3295 scire
2692 3235 2774 3294 sit
2816 3236 2894 3294 de

607 3370 832 3425 genere
878 3352 1195 3428 bonorum,
1234 3372 1353 3409 non
1399 3352 1541 3431 plus
1576 3354 1739 3412 actui
1768 3351 1954 3412 debet
1995 3371 2134 3411 esse
2181 3350 2600 3429 praescriptus
2647 3350 2893 3428 modae,

474 3472 560 3535 25
605 3488 784 3544 quam
819 3489 856 3527 a
888 3476 1105 3528 natura
1136 3476 1318 3544 atque
1353 3468 1485 3527 Deo
1523 3468 1939 3546 praescriptus
1985 3476 2081 3528 est
2124 3467 2181 3526 ei
2228 3469 2438 3547 (quam
2475 3467 2704 3527 nullam
2739 3468 2896 3527 frus-

610 3596 706 3646 tra
739 3586 934 3647 voluit
974 3588 1137 3664 esse)
1169 3586 1500 3663 potentiae.

769 3709 802 3755 ‘a
840 3704 972 3761 1⁶22.
1020 3701 1137 3773 Qui
1190 3701 1611 3781 philosophari
1666 3702 2064 3780 concupiscit,
2122 3702 2198 3760 de
2261 3703 2541 3762 omnibus
2597 3702 2893 3781 principio

609 3820 919 3890 dubitans,
956 3838 1075 3877 non
1110 3820 1279 3898 prius
1323 3819 1399 3879 de
1434 3819 1629 3879 altera
1663 3819 2164 3880 contradictionis
2195 3829 2369 3897 parte
2402 3819 2678 3896 definiat,
2718 3841 2893 3897 quam

608 3937 977 3996 altercantes
1022 3936 1309 4012 audierit,
1355 3943 1418 3995 et
1459 3935 1799 3996 rationibus
1842 3938 1998 3996 bene
2044 3936 2389 4015 perspectis
2431 3946 2615 4012 atque
2653 3936 2895 3998 collatis

477 4053 564 4115 30
606 4072 726 4113 non
762 4074 836 4113 ex
869 4052 1105 4130 auditu,
1144 4052 1333 4129 fama,
1372 4052 1783 4128 multitudine,
1820 4053 2265 4130 longaevitate,
2306 4053 2505 4112 titulis
2548 4061 2611 4114 et
2647 4063 2890 4131 ornatu,

610 4169 720 4228 sed
759 4169 836 4229 de
872 4170 1209 4230 constantis
1252 4169 1369 4229 sibi
1424 4178 1606 4245 atque
1651 4170 1833 4229 rebus
1879 4169 2189 4229 doctrinae
2235 4168 2471 4246 vigore,
2514 4169 2623 4229 sed
2675 4168 2751 4228 de
2799 4191 2891 4228 ra-

608 4285 792 4346 tionis
827 4287 1051 4347 lumine
1086 4287 1348 4347 veritate
1384 4286 1658 4365 inspicua
1693 4284 1922 4344 iudicet
1957 4293 2018 4345 et
2055 4285 2321 4345 definiat.

794 4519 858 4566 22.
886 4534 910 4566 e
935 4520 997 4567 25
1030 4518 1363 4569 foelicitatis
1391 4538 1416 4567 e
1444 4518 1817 4568 foelicitatem

880 4629 1025 4669 Unum
1055 4636 1160 4679 (ηιμ.
1190 4631 1267 4667 Iul.
1296 4630 1339 4677 1,
1362 4634 1402 4668 3.
2517 4632 2564 4665 18
