3738 5268
1222 550 1852 600 CONTEMPLATIONES
1893 553 1980 597 Ex
2022 553 2285 600 ummo.
2785 537 2899 596 195

613 711 795 780 atque
831 702 1347 783 circumstantiae,
1394 705 1474 766 ad
1523 707 1682 768 hanc
1726 707 2108 788 incomplexe
2154 707 2591 786 complexaque
2649 725 2902 766 concur-

613 828 757 880 runt
789 820 1217 898 cognitionem.
1254 822 1485 886 Sensus
1521 845 1669 887 vero
1714 827 1952 887 externi
2004 846 2126 886 non
2186 833 2285 887 est
2328 825 2448 885 nisi
2484 844 2663 884 unam
2710 831 2896 901 atque

615 937 952 1016 simplicem
990 939 1212 1000 obiecti
1247 942 1424 1003 unius
1478 943 1747 1022 speciem
1779 942 2271 1024 apprehendere;
2313 963 2389 1003 ex
2422 941 2628 1003 colore
2665 941 2894 1021 quippe

613 1061 796 1130 atque
830 1053 1053 1134 figura,
1085 1056 1344 1118 subiecti
1379 1057 1624 1137 figurati
1654 1059 2029 1136 coloratique
2083 1079 2304 1120 nomen
2345 1059 2672 1119 veritatem
2713 1063 2897 1135 atque

523 1166 566 1230 ὅ
614 1171 750 1231 aliis
783 1172 1042 1234 obiectis
1078 1174 1489 1236 differentiam
1522 1176 1804 1238 meditari
1833 1177 1991 1237 alius
2026 1177 2269 1238 omnino
2292 1173 2655 1255 profundius
2689 1173 2894 1233 inhae-

610 1288 803 1349 rentis
839 1296 937 1350 est
975 1290 1242 1353 virtutis.
1283 1291 1475 1363 Quam
1519 1313 1665 1354 sane
1708 1292 2120 1373 potentiarum
2163 1291 2622 1353 distinctionem
2658 1309 2693 1349 a
2728 1288 2889 1369 peri-

612 1407 897 1485 pateticis
931 1409 1127 1485 magis
1158 1408 1551 1472 laudabiliter
1569 1411 2005 1488 investigatam
2028 1430 2207 1488 quam
2236 1406 2501 1471 feliciter
2523 1413 2894 1486 compertam

613 1542 777 1597 esse,
817 1545 926 1585 suo
958 1525 1484 1589 manifestabimus
1517 1529 1581 1589 in
1621 1528 1851 1590 ordine.

771 1657 806 1704 1
847 1645 904 1702 4.
941 1642 1200 1705 Obiecta
1241 1645 1297 1705 ei
1340 1647 1436 1705 cui
1469 1646 1662 1724 primo
1697 1654 1883 1724 atque
1917 1646 2168 1725 proprie
2209 1645 2628 1706 attribuuntur
2662 1642 2894 1720 sensui,

485 1755 571 1818 10
612 1759 909 1841 malxime
944 1770 1088 1821 sunt
1123 1762 1499 1840 praesentia,
1545 1770 1840 1838 actusque
1882 1765 1985 1840 qui
2018 1763 2185 1824 circa
2217 1761 2383 1823 idem
2443 1767 2895 1837 consequuntur
2943 1767 3025 1829 p-
3064 1752 3183 1815 61

615 1878 942 1956 obiectum,
981 1899 1115 1939 cum
1157 1880 1668 1955 consequentibus
1708 1880 2004 1960 potentiis
2052 1883 2116 1941 in
2159 1881 2388 1941 virtute
2432 1879 2666 1959 primae
2711 1885 2897 1953 atque

614 1997 901 2077 praeviae
935 1996 1223 2074 militant3
1260 1998 1508 2059 surdum
1551 2000 1712 2060 enim
1757 2018 1954 2075 neque
1997 1999 2318 2078 imaginari
2359 2016 2557 2074 neque
2591 1995 2899 2058 somniare

615 2134 799 2193 posse
824 2134 1009 2175 voces
1033 2136 1183 2193 quas
1206 2135 1526 2194 numquam
1552 2117 1882 2196 exaudivit,
1910 2136 2104 2195 neque
2130 2137 2376 2178 caecum
2396 2135 2548 2194 quas
2569 2135 2899 2191 numquam

615 2234 843 2297 viderit
881 2234 1113 2314 figuras
1141 2243 1323 2313 atque
1361 2237 1626 2315 colores,
1665 2258 1787 2298 non
1829 2245 1927 2299 est
1967 2238 2070 2317 qui
2115 2239 2341 2299 audeat
2383 2236 2666 2312 inficiari3
2702 2254 2899 2312 neque

485 2344 568 2407 15
613 2352 676 2413 in
711 2353 949 2413 interno
985 2373 1170 2415 sensu
1203 2352 1516 2417 efficacius
1552 2374 1656 2417 eas
1683 2356 1980 2436 possibile
2026 2364 2121 2418 est
2157 2376 2294 2417 esse
2332 2355 2592 2434 specieS,
2628 2374 2810 2431 quam
2844 2354 2899 2412 si

615 2470 884 2531 externis
917 2471 1243 2548 aliquando
1287 2474 1571 2533 sensibus
1613 2474 1717 2535 vel
1766 2472 2098 2534 secundum
2139 2481 2337 2533 totum
2386 2472 2768 2548 eundemque
2811 2492 2903 2532 or-

614 2589 843 2667 dinem,
879 2590 982 2654 vel
1015 2590 1347 2653 secundum
1387 2599 1599 2672 partes
1644 2591 1919 2668 aliosque
1955 2589 2201 2653 ordines
2244 2589 2569 2668 aliquando
2604 2589 2906 2670 praeexti-

621 2691 827 2752 terint.

773 2811 806 2856 ῚΙ
848 2809 907 2868 9.
948 2808 1186 2868 Natura
1217 2816 1391 2869 tanto
1419 2828 1599 2869 unam
1636 2829 1769 2869 cum
1803 2809 2053 2889 proprio
2089 2817 2232 2869 actu
2264 2807 2603 2887 potentiam
2640 2806 2904 2885 amplius

483 2915 573 2978 20
623 2923 915 3002 intendit,
952 2933 1178 3001 quanto
1214 2927 1410 2986 altera
1443 2927 1698 2987 remissa
1736 2934 1833 2987 est
1865 2927 1969 2987 vel
2001 2923 2315 3005 impedita.
2342 2924 2574 2985 Verum
2610 2924 2901 2985 circulum

614 3061 785 3103 mens
816 3041 935 3101 nisi
969 3051 1113 3122 post
1147 3045 1504 3105 sensitivam
1540 3043 2031 3105 informationem
2064 3064 2186 3104 non
2229 3042 2470 3120 definit,
2518 3061 2717 3118 neque
2774 3062 2905 3103 sen·

614 3158 833 3218 sitivae
870 3160 1182 3237 potentiae
1204 3182 1419 3222 munus
1455 3162 1574 3222 erit
1606 3160 1879 3240 definire,
1907 3162 2065 3222 sicut
2099 3169 2163 3222 et
2194 3161 2505 3221 minimum
2535 3154 2901 3239 simpliciter

613 3276 1075 3356 apprehendere
1123 3277 1215 3338 illi
1268 3287 1364 3339 est
1399 3280 1795 3359 impossibile.
1833 3281 2037 3341 Verus
2077 3279 2267 3356 igitur
2309 3278 2573 3339 circulus
2627 3278 2809 3339 etiam
2846 3277 2900 3336 si

615 3394 678 3454 in
711 3415 914 3457 rerum
949 3404 1165 3457 natura
1208 3400 1665 3477 comperiretur,
1703 3398 1931 3458 nullius
1958 3405 2055 3458 est
2090 3417 2299 3458 earum
2343 3397 2563 3474 quibus
2601 3396 2900 3455 donamur

482 3519 569 3583 25
616 3517 929 3597 potentiae
965 3516 1497 3596 comprehendere.
1536 3519 1748 3595 Neque
1785 3517 1924 3578 ideo
1958 3516 2170 3577 circuli
2217 3515 2631 3577 definitionem
2688 3534 2903 3575 secun-

616 3636 760 3696 dum
791 3636 1082 3714 logicam,
1113 3643 1220 3697 aut
1251 3635 1708 3713 quomodolibet
1739 3635 1919 3696 aliter
1952 3635 2394 3697 abstractivam
2426 3634 2734 3711 technam,
2770 3653 2903 3713 spe·

617 3754 976 3815 cificabilem
1010 3754 1213 3815 ocioso
1248 3752 1474 3830 alioqui
1502 3753 1822 3814 ratiocinio
1856 3774 1981 3814 non
2014 3752 2422 3814 concedimus.

2706 3910 2878 3917 -.u——

711 3999 772 4046 12
804 3997 1113 4048 somniat-ie
1239 3998 1301 4046 13
1333 4013 1536 4049 caecus
1664 3999 1725 4048 15
1758 3996 1827 4064 si]
1856 3997 1936 4048 sit
2060 3997 2121 4046 21
2157 4013 2231 4061 sq.
2264 3993 2596 4062 sensitivae]
2621 3996 2904 4047 sensitiva
