3738 5268
846 514 921 576 72
1721 526 2000 571 mamm
2043 525 2246 570 Bavm

842 728 1008 772 num
1046 710 1115 770 et
1148 701 1496 789 quaelibet
1530 699 1917 788 poligonia,
1958 705 2312 786 segmento
2345 698 2477 783 illi,
2527 705 2605 764 ut
2632 698 2960 787 possibile
2998 706 3120 785 est,

840 829 1212 898 secundum
1249 834 1474 895 totum
1513 828 1623 892 vel
1661 833 1913 892 certam
1949 830 2218 913 partem
2251 823 2600 912 adaptata,
2650 824 2978 904 totissdem
3017 825 3122 890 in·
3168 831 3212 895 s
3242 832 3343 896 ’Ῥὲ

837 955 1183 1042 telligitur
1229 977 1374 1019 esse
1418 953 1725 1041 partium
1773 958 1842 1017 et
1889 950 2318 1033 nominatur;
2367 950 2599 1016 omnia
2645 972 2944 1035 namque
2991 950 3123 1018 cla-

836 1081 1107 1149 rissima
1166 1086 1401 1165 erunt,
1462 1101 1613 1145 cum
1679 1077 1808 1144 hoc
1887 1075 2069 1163 quod
2137 1098 2292 1142 cum
2360 1074 2595 1141 eadem
2663 1076 2934 1141 numeri
3002 1100 3121 1143 seu

746 1213 788 1276 ὅ
835 1228 1193 1272 mensurae
1257 1203 1818 1270 denominatione
1887 1224 2029 1268 non
2102 1201 2250 1267 sine
2323 1201 2782 1289 descriptione
2837 1202 3119 1289 propria

833 1331 1308 1398 enuncientur.
1358 1330 1506 1396 169.
1547 1329 1646 1396 Ut
1693 1328 1776 1394 de
1822 1328 2060 1416 parvis
2109 1327 2383 1394 circulis
2432 1348 2551 1393 seu
2589 1327 2915 1414 epicyclis
2955 1326 3116 1392 defi·

830 1457 1098 1523 niemus
1146 1455 1391 1541 quanti
1438 1453 1641 1520 sunt?
1683 1453 1940 1520 Eadem
1978 1453 2268 1519 ratione.
2315 1454 2484 1520 Viso
2533 1453 2700 1519 item
2759 1474 2966 1539 quam
3013 1475 3117 1519 ra-

830 1583 1091 1648 tionem
1158 1581 1411 1647 habeat
1473 1580 1849 1645 diametrus
1907 1579 2096 1645 illius
2158 1578 2246 1644 ad
2301 1579 2609 1645 universi
2677 1578 3114 1644 diametrum.

831 1706 1282 1774 Considerate
1339 1707 1507 1771 item
1573 1705 1785 1792 (quod
1840 1704 2012 1770 alibi
2059 1704 2530 1791 probavimus)
2579 1704 2992 1772 diametrum
3040 1726 3112 1771 re

701 1837 785 1901 10
830 1853 993 1898 vera
1033 1839 1278 1919 quater
1314 1854 1457 1898 esse
1497 1832 1572 1897 in
1612 1854 1735 1897 sua
1775 1829 2353 1897 circumferentia.

1494 2103 2060 2180 MEMBRVM
2134 2103 2441 2180 XXIII.

1705 2287 1812 2341 DE
1849 2285 2231 2342 SPHAERA.

1666 2532 2057 2598 Ana-mvnvs
2116 2534 2263 2598 131.

997 2740 1095 2807 Ut
1134 2738 1476 2804 definiunt
1514 2737 1876 2825 sphaeram
1923 2758 2169 2823 corpus
2216 2735 2510 2801 solidum
2558 2759 2697 2802 una
2744 2739 3103 2825 superficie

692 2866 771 2929 15
820 2870 1247 2949 contentum,
1288 2861 1575 2951 sphaera
1614 2885 1755 2928 non
1793 2867 1897 2927 est
1933 2860 2353 2944 universum,
2408 2861 2527 2928 sed
2572 2869 2836 2928 astrum
2874 2863 2948 2928 in
2986 2888 3099 2950 ge-

704 2965 718 2977 ·
816 3011 995 3054 nere.
1040 2991 1185 3054 132.
1224 2990 1322 3056 Ut
1360 2988 1699 3054 definiunt
1744 2987 2116 3053 transitum
2165 2985 2760 3055 circumferentiae
2807 2990 3104 3055 semicir-

819 3114 981 3199 culi,
1030 3136 1169 3180 non
1219 3114 1606 3201 sphaeram,
1642 3112 1760 3178 sed
1815 3113 1960 3178 eius
1999 3112 2427 3199 superficiem
2467 3115 2865 3201 ostendunt,
2920 3117 3099 3182 circa

816 3262 1023 3325 quam
1060 3238 1513 3305 mechanicus.
1556 3240 1700 3304 133.
1739 3237 1900 3304 Non
1935 3236 2275 3302 definiunt
2330 3238 2688 3325 sphaeram
2747 3263 2825 3305 ea
2874 3240 3095 3305 inten-

815 3364 1031 3450 tione,
1071 3388 1206 3451 qua
1247 3364 1538 3431 subinde
1571 3363 1942 3430 divisibilis
1975 3362 2314 3450 accipitur
2355 3364 2730 3430 secundum
2783 3366 3099 3432 substan-

682 3492 769 3557 20
813 3489 983 3554 tiam
1021 3490 1091 3554 in
1126 3512 1374 3556 novem
1409 3491 1521 3556 vel
1562 3492 1571 3579 Ι
1614 3490 1873 3575 decem,
1904 3495 1973 3553 et
2005 3488 2379 3554 secundum
2404 3488 2718 3555 accidens
2743 3489 2816 3554 in
2838 3497 3095 3556 rectam
3143 3496 3186 3556 f
3215 3497 3320 3561 ’Ῥν

812 3621 880 3680 et
917 3614 1286 3701 obliquam.
1322 3617 1468 3680 134.
1497 3615 1715 3684 Nobis
1755 3615 2042 3704 sphaera
2074 3615 2483 3716 universalis
2510 3621 2613 3681 est
2638 3638 2852 3682 unum
2885 3616 3096 3682 conti-

810 3763 1025 3806 nuum
1050 3739 1449 3807 universum
1472 3741 1824 3807 infinitum
1844 3741 2214 3827 immobile,
2241 3764 2359 3807 seu
2385 3741 2458 3807 in
2484 3763 2619 3828 quo
2646 3741 3093 3807 consistentia

812 3872 974 3931 sunt
1038 3888 1320 3932 numero
1378 3867 1693 3932 infinitae
1750 3865 2080 3954 sphaerae
2135 3888 2254 3932 seu
2313 3866 2763 3954 particulares
2830 3866 3090 3932 mundi.

810 3990 1000 4058 Haec
1040 3999 1223 4059 astra
1271 3999 1432 4059 sunt
1477 3993 1612 4059 alia
1660 3992 1938 4079 quidem
1985 3992 2219 4078 ignea,
2260 3992 2742 4078 scintillantia,
2785 4015 2958 4079 quae
2995 3992 3094 4058 vi-

680 4123 766 4187 25
814 4117 1064 4183 dentur
1102 4117 1264 4203 fixa,
1307 4119 1505 4203 soleS,
1547 4141 1904 4204 maresque
1943 4118 2067 4201 dii3
2108 4117 2244 4183 alia
2279 4140 2443 4183 vero
2476 4141 2720 4206 aquea,
2757 4119 2937 4185 circa
2967 4118 3091 4186 hos

814 4243 1124 4328 mobilia,
1195 4251 1363 4329 puta
1441 4242 1751 4326 tellureS,
1820 4244 2122 4330 deaeque
2185 4244 2510 4329 antiquis.
2585 4244 2730 4310 135.
2804 4244 3090 4310 Nullum

1000 4529 1032 4578 6
1066 4527 1336 4593 epyciclis
1464 4529 1524 4580 12
1557 4529 1912 4583 SPHOERA
