3738 5268
819 501 898 560 64
1701 516 1980 561 lonium
2023 515 2226 564 Bavm

815 688 1003 755 infra
1041 688 1217 755 illud
1252 688 1369 753 ΟΒ
1415 688 1718 776 spatium
1759 689 1836 754 in
1876 688 2114 757 eodem
2145 704 2308 758 arcu
2342 691 2701 779 suscipiaS,
2736 700 2815 758 ut
2847 692 2917 758 in
2954 692 3097 777 ΟΕ,

814 816 937 882 ubi
995 817 1348 882 consistas,
1389 814 1702 882 Secundo
1758 839 1965 903 super
2002 817 2123 882 AO
2170 840 2210 883 a
2248 825 2504 904 puncto
2545 819 2604 882 Ε
2649 818 3102 905 perpendicu-

814 941 1029 1007 larem
1077 942 1284 1008 ducas
1322 942 1472 1027 EF,
1523 964 1642 1007 seu
1689 940 1824 1028 ipsi
1862 940 2010 1031 AB,
2044 943 2447 1030 parallelam
2494 943 2731 1028 ducaS,
2779 943 2985 1008 facile
3020 944 3101 1009 fit

814 1073 961 1154 (per
998 1067 1544 1155 praecedentem)
1592 1066 1931 1154 producta
1976 1067 2098 1142 BA
2143 1074 2213 1132 et
2250 1068 2369 1133 EF
2414 1090 2631 1153 usque
2687 1067 2775 1133 ad
2831 1068 3101 1156 opposi-

728 1198 769 1261 5
816 1199 966 1259 tum
1032 1191 1629 1259 circumferentiae
1693 1198 2050 1279 punctum.
2103 1192 2339 1259 Tertio
2399 1193 2752 1279 aequalem
2801 1192 2936 1280 ipsi
2981 1192 3098 1258 FC

813 1318 1045 1405 capias
1102 1317 1261 1402 FG,
1325 1322 1404 1383 ut
1465 1317 1556 1383 sit
1617 1339 1755 1383 una
1820 1323 2011 1384 recta
2066 1317 2291 1403 EFG,
2357 1340 2564 1403 quam
2624 1317 2965 1384 bisecabis
3023 1318 3100 1385 in

809 1450 1070 1531 puncto
1117 1444 1204 1509 H.
1256 1444 1520 1522 Quarto
1567 1426 1924 1529 aequalem
1970 1443 2106 1531 ipsi
2144 1443 2281 1508 GH
2338 1443 2569 1531 capias
2614 1443 2692 1508 in
2729 1443 2881 1527 AB,
2925 1466 3098 1529 quae

813 1569 905 1636 sit
955 1568 1082 1654 AI,
1132 1576 1200 1635 et
1248 1570 1429 1636 circa
1467 1568 1533 1633 A
1570 1575 1884 1634 centrum
1929 1568 2104 1635 fluat
2142 1570 2177 1633 I
2225 1568 2678 1635 circumfluxu
2724 1569 3096 1635 terminato

812 1694 887 1759 in
925 1695 995 1759 Κ
1008 1719 1021 1778 ;
1062 1701 1131 1761 et
1176 1702 1344 1761 tunc
1398 1694 1745 1761 mediante
1792 1717 1957 1761 arcu
1994 1695 2102 1760 IK
2150 1694 2471 1761 similiter
2515 1700 2700 1761 secto
2750 1700 2957 1779 atque
2995 1702 3098 1760 est

681 1822 768 1886 10
812 1843 1008 1887 arcus
1047 1821 1188 1905 ΟΕ,
1239 1820 1556 1908 partibus
1594 1821 1996 1908 aequalibus
2041 1821 2178 1909 ipsi
2226 1819 2373 1906 OD,
2413 1820 2669 1907 angulo
2727 1819 2793 1884 A
2839 1819 3096 1886 fluente
3175 1900 3182 1904 ὴ

809 1969 933 2033 per
970 1946 1354 2013 sectionum
1390 1946 1749 2031 terminOS,
1790 1968 2025 2012 arcum
2066 1944 2181 2011 CB
2220 1969 2448 2013 secare
2479 1945 2747 2030 licebit,
2782 1951 2861 2011 ut
2898 1968 3095 2011 arcus

812 2070 927 2135 ΟΕ
952 2077 1174 2137 sectus
1200 2071 1513 2137 dabatur.
1542 2072 1689 2136 155.
1714 2072 1814 2138 Ut
1835 2071 2079 2137 circuli
2102 2091 2339 2138 arcum
2363 2070 2747 2159 quadrante
2766 2070 3095 2137 maiorem

813 2193 975 2259 data
1030 2196 1300 2261 ratione
1354 2196 1625 2282 secabO,
1683 2203 1762 2262 ut
1817 2219 2054 2263 arcum
2100 2197 2206 2285 3⁵3.
2259 2195 2399 2283 CL,
2462 2197 2760 2283 exempli
2822 2195 3094 2283 gratia?

810 2319 1105 2386 Fluente
1165 2321 1224 2385 L
1280 2343 1402 2408 per
1463 2328 1776 2387 centrum
1833 2320 1901 2386 A
1954 2320 2029 2386 in
2087 2322 2187 2406 M,
2252 2327 2320 2387 et
2376 2321 2513 2409 ipsi
2569 2321 2704 2385 LM
2763 2320 3093 2407 parallela

679 2446 764 2511 15
812 2444 1016 2511 ducta
1052 2445 1206 2532 ΝΟ,
1242 2446 1431 2533 'quae
1489 2451 1673 2511 secat
1720 2445 1841 2511 ΑΟ
1889 2452 2147 2513 rectam
2208 2447 2284 2513 in
2339 2452 2597 2534 puncto
2646 2447 2719 2509 P.
2762 2444 3092 2530 Aequalis

809 2591 972 2657 ergo
1034 2571 1169 2660 ipsi
1220 2570 1333 2642 PC
1389 2571 1703 2660 capiatur
1751 2570 1893 2651 PQ.
1939 2571 2126 2638 Hinc
2181 2577 2367 2639 recta
2425 2571 2552 2651 NQ
2617 2571 2959 2637 bisecetur
3018 2569 3093 2636 in

808 2703 1069 2781 puncto
1107 2698 1200 2782 R,
1252 2704 1320 2763 et
1355 2698 1660 2784 aequalis
1708 2698 1842 2785 ipsi
1889 2697 2022 2762 NR
2067 2719 2273 2785 super
2310 2698 2435 2763 AL
2483 2697 2797 2784 capiatur
2836 2696 2982 2779 AS;
3023 2702 3092 2761 et

810 2827 1124 2888 centrum
1186 2824 1249 2888 A
1298 2822 1816 2890 circumfluente
1875 2829 2135 2910 puncto
2185 2821 2233 2888 S
2282 2825 2291 2909 Ι
2333 2823 2465 2890 erit
2521 2845 2719 2889 arcus
2769 2820 2911 2907 ST,
2970 2821 3090 2908 qui

810 2945 1035 3032 capiet
1083 2947 1353 3013 easdem
1402 2954 1634 3036 partes
1692 2971 1861 3035 quas
1901 2971 2098 3015 arcus
2138 2948 2278 3014 GN.
2327 2948 2612 3014 Caetera
2648 2954 2728 3013 ut
2774 2947 3089 3036 proxime
3138 2946 3182 3010 s
3215 2949 3319 3012 2¹·

674 3072 763 3136 20
807 3092 1034 3156 supra.
1084 3072 1292 3139 Ratio
1328 3071 1533 3139 huius
1579 3096 1984 3161 progressus
2023 3079 2150 3159 est,
2193 3073 2357 3160 quia
2403 3073 2477 3139 in
2533 3073 2771 3140 eodem
2829 3072 3089 3139 circulo

806 3196 919 3261 vel
977 3196 1379 3282 aequalibus
1427 3198 1701 3264 circulis
1757 3200 2076 3285 aequales
2123 3199 2363 3286 anguli
2419 3199 2734 3285 aequales
2774 3199 2884 3263 vel
2930 3218 3086 3285 pro-

805 3322 1227 3408 portionales
1283 3346 1480 3390 arcus
1536 3324 1984 3390 subtendunt.
2050 3326 2149 3392 Ut
2203 3347 2368 3411 ergo
2423 3325 2717 3411 angulus
2756 3322 2933 3404 EFG
2983 3344 3088 3388 ae-

808 3447 1030 3530 qualis
1078 3455 1181 3514 est
1236 3449 1490 3535 angulo
1528 3447 1740 3534 EAG,
1790 3450 2049 3536 angulo
2096 3451 2265 3515 item
2301 3449 2483 3516 NPC
2541 3450 2838 3536 angulus
2878 3446 3087 3531 LAO,

806 3593 1003 3636 arcus
1051 3595 1323 3659 quoque
1360 3573 1487 3639 sub
1535 3574 1936 3660 aequalibus
1975 3575 2176 3640 lineis
2237 3597 2356 3641 seu
2394 3574 2748 3640 diametris
2809 3596 3092 3641 concen-

673 3696 758 3758 25
805 3695 1137 3762 tricorum
1176 3698 1587 3765 circulorum
1614 3698 1966 3786 parallelis
2000 3721 2421 3785 consequens
2460 3706 2564 3764 est
2596 3706 2673 3765 ut
2705 3698 3094 3787 proportio-

805 3822 1058 3888 naliter
1104 3823 1524 3890 dividantur.
1575 3823 1689 3889 Sic
1736 3824 1923 3890 enim
1978 3824 2370 3911 triangulus
2427 3824 2555 3891 sub
2616 3848 2779 3891 arcu
2839 3825 3091 3907 divis0‚

807 3969 1007 4033 quem
1048 3949 1406 4016 subtendit
1452 3950 1747 4037 angulus
1795 3950 2099 4037 aequalis
2148 3950 2592 4016 subtendenti
2639 3973 2873 4017 arcum
2921 3949 3094 4015 divi-

806 4075 1134 4161 dendum,
1182 4075 1387 4142 huius
1438 4074 1793 4162 triangulo
1841 4076 2402 4142 adcommodatus
2459 4077 2669 4143 efficit
2716 4083 2793 4143 ut
2839 4077 2970 4143 iste
3008 4075 3096 4140 si-

808 4202 1068 4267 militer
1100 4201 1453 4267 dividatur
1485 4209 1692 4288 atque
1726 4201 1861 4267 ille.
1904 4203 2049 4267 156.
2083 4203 2182 4270 Ut
2214 4225 2477 4286 arcum,
2513 4209 2721 4287 quota
2755 4201 2846 4267 sit
2879 4200 3091 4267 totius

673 4331 761 4393 30
804 4349 965 4414 pars
1025 4327 1378 4394 inveniam
1446 4350 1569 4414 per
1625 4328 1854 4416 ipsum
1910 4328 2287 4394 circulum?
2345 4326 2607 4394 Arcum
2671 4328 2910 4394 datum
2969 4351 3092 4415 per

992 4483 1025 4531 6
1062 4482 1347 4532 bisecbais
1476 4484 1537 4533 13
1568 4482 1724 4546 grtia
1846 4482 1911 4532 25
1944 4445 2222 4547 paralleli*
2325 4479 2391 4530 29
2418 4481 2469 4544 f.
2493 4494 2664 4531 arcus
2691 4483 2868 4546 quota
2887 4480 2913 4529 ἓ
