3738 5268
847 480 925 542 46
1200 568 1208 578 .
1725 496 2007 544 mamm
2046 497 2248 545 Bavm

845 677 1043 762 lelaS,
1099 686 1179 744 ut
1226 677 1311 766 ζ)
1358 677 1537 743 OCB
1608 678 1806 743 OFB.
1868 679 1976 743 42.
2037 679 2134 745 Ut
2192 677 2529 763 trianguli
2588 700 2818 743 aream
2872 676 3127 743 utlibet

845 804 1110 890 augebo
1149 810 1353 890 atque
1392 804 1742 869 minuam?
1786 803 1859 869 Si
1911 804 2097 869 intra
2156 805 2518 891 parallelas
2575 804 2844 897 easdem
2907 805 3128 870 basim

844 932 1349 1017 quantamlibet
1388 932 1703 1020 accipias
1742 933 1848 997 43.
1885 932 1981 997 Ut
2020 932 2356 1018 trianguli
2396 935 2726 1019 angulum
2766 932 3127 999 bisecabo‘?

841 1061 939 1126 Ut
986 1067 1054 1125 et
1114 1062 1446 1148 angulum
1506 1061 1806 1128 bisecare
1868 1062 2192 1128 didicisti.
2245 1064 2351 1128 44.
2407 1065 2504 1131 Ut
2559 1064 2743 1129 basis
2791 1064 3127 1151 trianguli

752 1196 794 1259 ὃ
842 1198 1197 1278 segmenta
1236 1190 1522 1258 eandem
1558 1191 1915 1257 habebunt
1961 1191 2300 1258 rationem
2358 1214 2564 1277 quam
2597 1193 2861 1280 reliqua
2907 1193 3124 1259 trian-

836 1318 985 1406 guli
1022 1318 1278 1385 latera?
1321 1318 1398 1385 Si
1437 1322 1447 1407 Ι
1488 1318 1724 1385 eadem
1761 1325 1949 1385 recta
1987 1320 2324 1407 trianguli
2388 1321 2721 1408 angulum
2772 1329 2841 1388 et
2906 1321 3127 1388 basim

836 1449 1117 1516 bisecat.
1157 1450 1262 1516 59.
1300 1450 1399 1517 Ut
1436 1448 1864 1535 triangulum
1913 1448 2566 1537 proportionaliter?
2630 1450 2705 1515 Si
2765 1449 2852 1516 ad
2912 1474 3127 1517 unum

838 1575 1142 1643 eiusdem
1173 1575 1356 1641 latus
1387 1574 1716 1662 parallela
1747 1574 1955 1640 ducta
1986 1573 2223 1660 fuerit,
2252 1580 2331 1640 ut
2361 1576 2442 1664 ξ)
2470 1575 2603 1663 ipsi
2636 1575 2757 1641 OG
2797 1575 2948 1663 ipsa
2977 1577 3127 1641 BD.

839 1706 944 1771 60.
1014 1705 1114 1772 Ut
1175 1702 1527 1789 triangula
1600 1700 2221 1789 proportionalium
2288 1700 2583 1768 laterum
2651 1702 2984 1768 efficiam?
3050 1703 3125 1769 Si

709 1830 793 1895 10
838 1829 1317 1917 aequiangula.
1358 1827 1838 1914 Aequiangula
1887 1833 2118 1893 autem
2166 1834 2369 1893 erunt
2424 1827 2618 1893 iuxta
2677 1829 2988 1916 proxime
3026 1851 3129 1894 or·

839 1958 1098 2023 dinata.
1147 1956 1251 2021 61.
1290 1954 1387 2021 Ut
1432 1953 1783 2040 triangulo
1826 1975 2301 2040 quamcunque
2355 1954 2611 2020 lineam
2658 1954 3127 2023 adcommoda-

837 2082 968 2149 bo‘?
1008 2081 1085 2146 Si
1122 2080 1367 2146 similis
1406 2079 1741 2165 trianguli
1778 2078 1963 2144 basis
2000 2078 2361 2164 efficiatur,
2412 2088 2491 2146 ut
2529 2082 2614 2169 ζο)
2653 2081 2727 2147 in
2773 2081 3124 2169 triangulo

836 2212 1024 2278 DEF
1077 2211 1332 2278 lineam
1378 2209 1535 2293 AB,
1584 2207 1698 2274 vel
1752 2206 2104 2295 triangulo
2142 2207 2324 2273 ABG
2363 2207 2618 2275 lineam
2668 2208 2823 2275 GH.
2873 2211 2978 2276 62.
3026 2211 3126 2278 Ut

834 2335 1262 2424 triangulum
1300 2341 1748 2421 rectagonum
1795 2333 1872 2398 in
1919 2332 2174 2400 similia
2219 2333 2354 2399 sibi
2394 2342 2462 2400 et
2521 2334 2703 2400 inter
2764 2358 2834 2401 se
2893 2337 3126 2403 multi·

707 2469 790 2535 15
836 2464 1149 2553 plicabo?
1191 2463 1266 2528 Si
1304 2462 1391 2529 ab
1424 2462 1678 2549 angulo
1710 2468 1897 2527 recto
1928 2460 2013 2526 ad
2042 2461 2264 2527 basim
2299 2462 2883 2549 perpendicularis
2915 2463 3124 2531 ducta

837 2591 946 2678 sit,
966 2598 1047 2657 ut
1071 2589 1146 2656 in
1183 2591 1260 2678 Ξ
1296 2587 1476 2668 QSN
1505 2588 1875 2675 trianguIO,
1903 2587 1962 2654 si
1986 2593 2321 2675 punctum
2343 2586 2391 2652 S
2416 2587 2588 2654 fluat
2611 2588 2683 2654 in
2704 2598 3039 2677 punctum
3063 2593 3119 2656 Ιι.

835 2718 938 2782 63.
998 2716 1091 2784 Ut
1150 2714 1579 2801 triangulum
1636 2713 2136 2799 aequilaterum
2192 2714 2445 2781 circulo
2492 2715 2797 2781 breviter
2835 2716 3121 2782 circum-

834 2841 1173 2910 scribam?
1216 2841 1290 2906 Si
1330 2849 1408 2907 ut
1454 2864 1660 2929 supra
1720 2840 1808 2906 ad
1872 2841 2110 2927 anguli
2170 2840 2342 2907 recti
2399 2847 2837 2908 structuram.
2878 2845 2982 2909 64.
3023 2846 3123 2912 Ut

833 2971 1183 3058 triangulo
1260 2971 1681 3058 aequilatero
1750 2970 2005 3037 circulo
2069 2970 2404 3059 inscripto
2472 2973 2879 3061 parallelum
2943 2974 3121 3040 dabo

700 3106 789 3172 20
834 3096 1475 3184 circumscriptum?
1538 3096 1613 3163 Si
1669 3121 1793 3185 per
1853 3097 2000 3163 eius
2060 3097 2379 3184 inscripti
2440 3099 2730 3186 angulos
2783 3099 3120 3166 terminus

830 3225 1321 3293 semidiametri
1378 3225 1453 3291 in
1514 3225 1886 3322 aequalem¹
1924 3224 2203 3291 fluxerit
2256 3224 2680 3292 distantiam.
2733 3226 2880 3313 Ipsi
2933 3227 3120 3293 enim

833 3356 912 3442 ᾧ)
977 3354 1085 3420 αΑ
1144 3353 1414 3440 aequali
1462 3352 1648 3419 facta
1695 3352 1852 3437 AG,
1903 3351 2042 3440 ipsi
2090 3351 2185 3417 aO
2233 3353 2504 3439 aequali
2563 3353 2655 3417 CI
2709 3359 2779 3418 et
2826 3351 2961 3440 ipsi
3019 3355 3121 3419 αΕ

831 3480 1101 3566 aequali
1149 3480 1293 3565 EL,
1342 3478 1757 3564 fluxeritque
1806 3477 1872 3543 G
1918 3477 1993 3543 in
2041 3477 2097 3542 L
2145 3478 2242 3564 [in
2288 3479 2368 3564 L]
2418 3485 2486 3543 et
2542 3479 2579 3543 I
2625 3477 2699 3543 in
2746 3477 2828 3543 G.
2879 3479 2984 3544 65.
3023 3479 3121 3546 Ut

831 3608 1259 3695 triangulum
1292 3607 1674 3691 isoscelem,
1711 3606 1831 3693 qui
1868 3606 2119 3672 habeat
2153 3611 2525 3692 utrumque
2572 3629 2833 3690 eorum,
2875 3607 2995 3693 qui
3033 3607 3120 3673 ad

699 3732 786 3799 25
832 3737 1053 3802 basim
1087 3742 1248 3802 sunt
1281 3736 1711 3823 angulorum,
1752 3735 2040 3823 duplum
2072 3734 2359 3820 reliqui?
2395 3735 2612 3801 Recta
2643 3735 3123 3824 proportiona-

831 3863 991 3928 liter
1022 3862 1264 3949 divisa,
1306 3870 1384 3929 ut
1420 3861 1592 3928 facit
1625 3861 1973 3947 Euclides,
2023 3868 2092 3927 et
2122 3861 2252 3929 hoc
2285 3862 2681 3929 docebimus
2717 3864 3121 3931 brevissime

832 3990 907 4056 in
945 3989 1248 4056 exoticis.
1289 3991 1393 4056 66.
1442 3989 1541 4057 Ut
1585 3989 1825 4056 datum
1873 3989 2300 4076 triangulum
2347 3990 2422 4055 in
2469 3988 2866 4071 conistituta
2912 3991 3121 4057 trian-

832 4116 995 4202 gula
1032 4115 1337 4203 partiar?
1388 4114 1463 4180 Si
1508 4122 1588 4181 ut
1627 4117 1712 4204 Q
1751 4115 2089 4202 trianguli
2127 4115 2308 4180 ABG
2352 4117 2565 4182 latere
2611 4116 2738 4182 AB
2771 4117 3118 4204 quadrifa-

833 4243 1009 4308 riam
1048 4242 1297 4327 diviso,
1341 4241 1526 4320 OEQ
1557 4241 1883 4308 bifariam
1921 4248 1990 4308 et
2027 4243 2446 4309 divisionum
2501 4251 2761 4331 puncta
2800 4245 2874 4311 in
2907 4269 3119 4332 angu-

1018 4411 1050 4460 ὃ
1092 4410 1301 4476 reliqui
1481 4413 1510 4462 7
1558 4409 1617 4461 αἱ
1657 4411 1866 4461 ‘numeri
1908 4409 2084 4462 errati
2123 4413 2212 4462 del
2257 4419 2384 4463 testo
2424 4416 2586 4464 59-70
2623 4413 2907 4465 80εείΙαίεοί
2953 4418 3116 4465 45·56

832 4490 897 4543 23
916 4490 1298 4558 fluexoritque
1428 4488 1523 4561 1]L
1650 4493 1712 4543 24
1739 4492 2023 4544 sochelem
2148 4495 2212 4544 25
2233 4495 2536 4561 angulorm
2663 4497 2726 4547 27
2750 4495 2784 4546 l.
2809 4495 3116 4550 exotericis

3172 1321 3373 1383 d5v

3167 3990 3363 4054 116¹·
