3738 5268
853 453 892 509 8
1747 463 2027 508 mamm
2067 463 2272 509 anm

851 644 1285 711 multitudini
1336 642 1624 730 praesit,
1673 642 1955 727 ingenio
2015 643 2225 708 etiam
2263 651 2334 709 et
2380 644 2636 709 iudicio
2682 645 2955 731 praeire
3001 668 3144 711 non

850 779 1260 839 contemnet.
1298 769 1676 836 Heroicum
1734 769 1921 833 enim
1981 776 2085 835 est
2143 775 2351 855 atque
2408 767 2678 836 felicius
2727 793 2961 837 eorum
2999 794 3142 838 non

849 899 997 965 sine
1042 897 1511 964 efficacissima
1548 896 1819 963 ratione
1865 902 2074 982 atque
2120 896 2380 963 virtute
2424 919 2748 983 spernere
2793 919 2991 985 posse
3028 921 3145 965 au·

849 1024 1276 1106 thoritatem,
1320 1045 1487 1108 quos
1523 1021 1782 1106 absque
1818 1020 2132 1108 legitimo
2170 1044 2372 1088 sensu
2419 1029 2628 1108 atque
2664 1022 2931 1088 ratione
2970 1025 3142 1090 mul-

761 1147 802 1210 5
848 1148 1074 1216 titudo
1110 1148 1380 1232 (servile
1419 1155 1488 1213 et
1528 1147 1957 1213 ordinarium
1993 1150 2226 1235 pecus)
2266 1145 2554 1233 suspicit
2611 1153 2683 1212 et
2735 1146 3139 1214 admiratur.

850 1275 942 1339 Et
986 1273 1059 1338 id
1106 1280 1288 1339 certe
1334 1273 1445 1339 vel
1494 1273 1792 1338 maxime
1838 1273 2034 1339 decet
2069 1279 2308 1339 tantae
2353 1273 2604 1339 indolis
2643 1280 2713 1339 et
2757 1274 3141 1342 maiestatis

848 1406 1118 1465 vestrae
1166 1398 1548 1484 ingenium,
1617 1397 1958 1483 siquidem
2021 1419 2162 1463 non
2219 1421 2580 1486 perperam
2634 1422 2675 1465 a
2735 1399 3001 1487 superis
3062 1423 3140 1467 eo

851 1526 1054 1591 debet
1091 1547 1235 1590 esse
1275 1524 1531 1589 donata
1570 1522 1847 1611 spiritu,
1889 1528 1968 1589 ut
2007 1524 2234 1608 (mitto
2262 1524 2424 1607 alia)
2457 1524 2540 1590 de
2571 1523 2966 1592 huiusmodi
3004 1549 3145 1592 ma-

850 1649 1240 1716 thematicis
1297 1648 1576 1732 studiis,
1638 1648 2119 1715 instrumentis
2166 1655 2235 1714 et
2295 1649 2618 1737 operibus
2674 1649 2813 1716 iam
2860 1650 2980 1718 diu
3028 1653 3145 1719 ab·

721 1774 804 1836 10
851 1776 1012 1841 hinc
1050 1798 1209 1841 cum
1250 1774 1724 1840 disertissimis
1772 1773 2129 1858 disserere,
2177 1797 2333 1840 cum
2380 1775 2928 1843 iudiciosissimis
2966 1776 3141 1843 iudi-

850 1925 1003 1968 care
1046 1908 1115 1967 et
1154 1923 1311 1967 cum
1359 1899 1841 1965 inventoribus
1875 1898 2189 1964 invenire
2222 1901 2681 1985 consueverit,
2716 1908 2794 1966 ut
2828 1903 3142 1988 plerique

849 2051 933 2091 ex
969 2026 1055 2092 iis
1094 2050 1133 2091 a
1172 2024 1557 2091 Maiestatis
1596 2025 1670 2089 Τ.
1713 2024 1785 2090 C.
1844 2024 2204 2111 colloquiis
2243 2027 2463 2093 multo
2509 2027 2667 2115 plus
2714 2028 2998 2094 luminis
3043 2053 3147 2095 re-

847 2154 1196 2240 portarint
1258 2174 1463 2238 quam
1520 2150 1945 2218 advexerint.
2008 2152 2209 2231 Quod
2269 2153 2487 2238 igitur
2543 2152 2654 2219 ad'
2692 2148 2802 2219 ine
2861 2153 3142 2220 tandem

849 2280 1127 2363 attinet,
1167 2278 1395 2366 primo
1433 2300 1574 2344 non
1614 2300 1765 2344 eam
1801 2285 2190 2365 praetereat
2229 2282 2397 2362 (oro)
2446 2278 2879 2346 considerare
2932 2302 3140 2365 quam

718 2404 798 2468 15
848 2428 887 2470 a
926 2405 1107 2471 bono
1146 2404 1392 2489 amicO,
1434 2402 1741 2471 studioso
1789 2410 1859 2469 et
1906 2404 2314 2491 obsequenti
2362 2404 2593 2471 animo
2648 2404 2777 2471 hae
2824 2405 2930 2471 illi
2978 2405 3141 2471 offe-

848 2539 1091 2598 rantur
1129 2532 1709 2616 elucubrationes;
1736 2532 1937 2618 unde,
1967 2534 2474 2619 qualescunque
2502 2532 2510 2615 Ι
2537 2533 2727 2621 ipsae
2765 2535 2932 2618 sint,
2964 2556 3004 2599 a
3036 2534 3138 2600 di·
3185 2551 3248 2599 a
3278 2537 3380 2600 6ν

843 2657 1141 2724 vinitate
1179 2659 1447 2744 ingenii
1506 2659 1612 2724 tui
1668 2666 2017 2743 nequeant
2077 2660 2214 2726 nisi
2260 2659 2637 2747 gratiorem
2685 2660 2820 2727 sibi
2864 2661 3140 2728 vultum

843 2785 1173 2873 polliceri.
1216 2785 1529 2852 Secundo
1568 2786 2116 2854 animadvertere
2165 2788 2739 2872 quemadmodum
2785 2787 2953 2854 haec
2998 2811 3139 2854 non

768 2967 771 2968 γ
844 2912 1077 2977 oblata
1116 2911 1414 2978 veniunt
1465 2918 1799 2998 tanquam
1838 2911 2246 2998 dignissima
2284 2936 2459 2999 quae
2497 2936 2537 2979 a
2582 2913 2673 2979 M.
2714 2913 2790 2978 T.
2841 2913 3138 2980 debeant

711 3038 799 3100 20
843 3037 1213 3125 acceptari,
1278 3036 1395 3103 sed
1456 3044 1792 3122 tanquam
1854 3037 2117 3124 optima
2174 3060 2349 3124 quae
2408 3038 2544 3125 ipsi
2596 3038 2726 3104 hoc
2790 3039 3135 3126 principio

844 3162 1139 3249 proponi
1177 3163 1474 3249 possint3
1515 3163 1782 3249 reliqua
1820 3163 2007 3228 enim
2044 3186 2130 3227 ne
2168 3169 2437 3229 tentare
2478 3163 2757 3249 quidem
2789 3185 3136 3230 accessum

844 3294 1174 3373 poterunt
1213 3294 1335 3353 aut
1373 3287 1749 3372 debebunt,
1790 3288 1926 3353 nisi
1964 3288 2354 3375 praesentia
2390 3312 2516 3376 pro
2563 3311 2795 3355 rerum
2847 3288 3137 3376 disposi-

847 3412 1035 3479 tione
1062 3413 1318 3480 clivum
1351 3413 1794 3479 interiectum
1821 3414 2011 3500 prius
2038 3414 2445 3502 superarint.
2472 3416 2706 3482 Tertio
2730 3438 3134 3504 persuasum

843 3539 1094 3607 habere
1143 3540 1325 3627 quod
1372 3542 1430 3607 si
1475 3542 1661 3608 hunc
1706 3541 2011 3628 primum
2049 3541 2456 3607 SOPHIAE
2495 3542 2932 3609 tabellarium
2986 3543 3135 3628 (qui

712 3670 798 3733 25
844 3667 1050 3732 certis
1105 3668 1798 3755 praescriptionibUS,
1847 3667 2473 3754 subscriptionibus
2521 3674 2591 3732 et
2649 3667 2899 3754 sigillis
2957 3691 3136 3734 com-

841 3793 1278 3879 probabitur)
1301 3815 1441 3860 non
1464 3793 1751 3880 indigne
1788 3793 1909 3859 illa
1949 3799 2312 3880 exceptum
2349 3793 2631 3877 viderit,
2658 3793 2979 3879 reliquOS,
3017 3794 3138 3878 qui

841 3927 919 3984 ut
954 3919 1193 3985 ordine
1227 3926 1389 3985 sunt
1420 3920 1862 4006 posterioreS,
1902 3919 2002 3985 ita
2037 3920 2216 4007 (plus
2243 3941 2452 4004 quam
2486 3919 2664 3985 forte
2697 3917 2958 4006 sperari
2987 3942 3140 4005 pos-

846 4045 961 4128 sit)
1002 4051 1348 4111 momento
1386 4051 1628 4111 extant
1673 4052 1743 4110 et
1779 4045 2148 4112 nobilitate
2183 4046 2479 4134 priores,
2515 4045 2790 4111 mittere
2827 4066 2969 4110 non
3007 4050 3139 4109 tre-

844 4170 1136 4257 pidabit.
1174 4170 1372 4256 Vale,
1415 4170 1663 4238 Caesar
1702 4172 1981 4259 optime.
2021 4170 2292 4237 VALE.

2713 4311 3124 4319 —ffw

1033 4365 1095 4414 19
1130 4369 1361 4432 tamquo
1487 4368 1549 4418 25
1585 4367 1814 4432 sygillis

546 4901 1049 5128 rx&
