3738 5268
1063 525 1154 569 DE
1196 526 1546 572 Pssmcwns
1588 526 1945 573 MEHSVBAE
1985 527 2069 571 m·
2109 527 2418 572 FIGVRAE.

1624 777 1799 823 EBICI
1807 778 1855 821 S.

602 950 666 1014 A
703 951 867 1016 Iove
904 951 1060 1038 plus
1097 951 1393 1037 geminis
1429 974 1681 1037 gyrum
1719 973 1859 1016 non
1900 952 2213 1037 tangitur
2250 953 2486 1040 aequis

602 1067 1010 1151 Quodlibet,
1050 1075 1130 1131 ut
1167 1067 1343 1132 nulli
1380 1074 1694 1133 centrum
1733 1068 2171 1134 concernitur
2208 1092 2369 1134 esse.

591 1185 743 1250 Hoc
781 1183 1065 1270 Pyladis
1102 1183 1332 1249 verbis
1371 1183 1654 1251 ostende
1691 1192 1761 1250 et
1795 1185 2064 1250 Iasonis
2103 1207 2235 1251 ore.

503 1419 546 1484 ὅ
1643 1434 1825 1479 mins.

593 1608 686 1672 Et
723 1607 836 1673 via
873 1630 1050 1696 quae
1088 1606 1360 1671 Oceano
1399 1605 1803 1693 Neptunum
1841 1605 2075 1691 iungit
2112 1605 2385 1671 abunde

592 1725 895 1790 Extenta
933 1747 972 1789 a
1008 1721 1304 1809 geminis
1341 1728 1618 1787 tantum
1656 1721 2089 1806 contingitur
2127 1722 2366 1807 aequis

593 1842 972 1924 Fortunae,
1013 1838 1309 1921 Bacch0,
1350 1837 1668 1923 Erigoni,
1708 1837 2054 1922 Hermeti,
2097 1836 2505 1922 Ganymedi.
2596 1919 2603 1926 ο

591 1957 788 2035 Quod
824 1955 1030 2043 plane
1067 1955 1363 2042 Pylades
1401 1954 1533 2020 tibi
1571 1955 1681 2019 vel
1713 1956 2075 2020 confirmat
2114 1955 2334 2020 Iason.

453 2192 540 2257 10
1564 2203 1909 2248 nvnc-ms,

586 2385 662 2450 Si
701 2385 1048 2451 obiectum
1086 2393 1423 2472 punctum
1462 2392 1776 2450 centrum
1812 2384 1946 2449 tibi
1986 2384 2132 2468 fiat,
2173 2391 2252 2450 ut
2288 2385 2448 2448 inde

583 2500 940 2568 Extendas
979 2501 1233 2587 radiOS,
1271 2509 1394 2567 aut
1431 2502 1675 2589 puncti
1711 2510 2001 2587 tangere
2039 2501 2399 2589 sphaeram

589 2617 815 2701 <Quod
853 2617 1218 2683 minimum
1256 2625 1360 2684 est
1396 2623 1672 2705 gyrum)
1710 2617 1971 2706 poteris
2009 2623 2239 2684 tractu
2276 2617 2619 2700 breviore,

481 2750 490 2763 ·
582 2735 727 2800 Aut
763 2735 1060 2821 geminis
1099 2734 1385 2823 planum
1423 2736 1700 2822 punctis
1733 2735 2082 2821 cyclisque
2116 2735 2478 2821 globosum

373 2920 376 2923 A
450 2848 535 2915 15
579 2851 990 2921 Innumeris,
1031 2852 1239 2918 Radii
1277 2851 1406 2919 hoc
1442 2851 1669 2918 finitio
1708 2858 1777 2918 et
1813 2852 1996 2918 actio
2035 2858 2393 2917 monstrat.

1551 3103 1893 3149 GORGONII.

577 3277 767 3343 Haec
806 3278 946 3361 via,
989 3300 1124 3362 qua
1161 3278 1477 3344 Charites
1516 3278 1942 3344 descendunt
1979 3278 2064 3343 ad
2104 3275 2289 3342 Iovis
2328 3298 2477 3358 ora,

579 3394 692 3459 Sic
731 3417 934 3481 super
973 3395 1228 3460 Oceani
1268 3397 1619 3463 tramitem
1660 3400 2039 3487 Martisque
2080 3405 2325 3472 ferocis

579 3510 736 3575 Stat
774 3532 1131 3597 suspensa,
1171 3511 1326 3599 pari
1364 3520 1444 3578 ut
1481 3513 1820 3580 distractu
1857 3539 1898 3581 a
1934 3520 2250 3605 partibus
2289 3524 2435 3589 eius

445 3628 534 3691 20
581 3626 919 3692 Omnibus
958 3626 1300 3693 absistant
1338 3651 1514 3714 quae
1551 3631 1900 3699 absistunt
1937 3658 1976 3699 a
2014 3636 2201 3701 Iovis
2240 3662 2358 3705 ara

575 3743 818 3829 Longo
857 3743 1228 3828 consimili,
1269 3753 1338 3810 et
1375 3755 1668 3831 aequata
1708 3750 1987 3837 cuspide
2024 3754 2351 3841 utrinque

575 3859 732 3923 Non
771 3859 991 3945 magis
1030 3860 1375 3927 inclinans
1411 3870 1677 3949 partem
1718 3867 2118 3953 opperietur
2155 3870 2227 3935 in
2268 3894 2475 3937 unam

574 3976 796 4053 Quam
834 3976 926 4041 sit
963 3975 1315 4043 declinans
1355 3978 1676 4065 reliquae.

1625 4231 1702 4273 ΡΑ
1710 4232 1805 4275 RS.

439 4393 524 4454 ‘20
1668 4413 1885 4481 Latus
1924 4424 1996 4482 at
2034 4430 2472 4505 superastans

572 4523 1003 4590 Concludens
1044 4525 1458 4613 triquetrum
1495 4529 1836 4616 reliquum
1875 4532 2043 4599 facit
2080 4560 2223 4603 esse
2262 4541 2608 4607 revulsum

2763 513 2882 572 295

2824 1213 2877 1252 25

2815 2414 2868 2449 :w

2808 3321 2862 3359 35

2802 3909 2854 3946 40

2903 752 2985 814 p.
3005 739 3201 801 154
