<?xml version="1.0" encoding="UTF-8"?>
<!DOCTYPE html PUBLIC "-//W3C//DTD XHTML 1.0 Transitional//EN"
    "http://www.w3.org/TR/xhtml1/DTD/xhtml1-transitional.dtd">
<html xmlns="http://www.w3.org/1999/xhtml" xml:lang="en" lang="en">
 <head>
  <title>
</title>
<meta http-equiv="Content-Type" content="text/html;charset=utf-8" />
  <meta name='ocr-system' content='tesseract 3.04.00' />
  <meta name='ocr-capabilities' content='ocr_page ocr_carea ocr_par ocr_line ocrx_word'/>
</head>
<body>
  <div class='ocr_page' id='page_1' title='image "./jordanibruninol00tallgoog_0039.png"; bbox 0 0 3738 5268; ppageno 0'>
   <div class='ocr_carea' id='block_1_1' title="bbox 1066 482 2837 546">
    <p class='ocr_par' dir='ltr' id='par_1_1' title="bbox 1066 482 2837 546">
     <span class='ocr_line' id='line_1_1' title="bbox 1066 482 2837 546; baseline -0.003 0"><span class='ocrx_word' id='word_1_1' title='bbox 1066 500 1378 546; x_wconf 72' lang='lat' dir='ltr'>An&#39;mcvm</span> <span class='ocrx_word' id='word_1_2' title='bbox 1417 498 1761 545; x_wconf 73' lang='lat' dir='ltr'>Anvnnsvs</span> <span class='ocrx_word' id='word_1_3' title='bbox 1800 496 2335 543; x_wconf 73' lang='lat' dir='ltr'>MATHEMA‘rchS.</span> <span class='ocrx_word' id='word_1_4' title='bbox 2760 482 2837 541; x_wconf 83' lang='lat'>23</span> 
     </span>
    </p>
   </div>
   <div class='ocr_carea' id='block_1_2' title="bbox 470 671 3082 1755">
    <p class='ocr_par' dir='ltr' id='par_1_2' title="bbox 555 671 3082 1137">
     <span class='ocr_line' id='line_1_2' title="bbox 557 671 2839 760; baseline -0.001 -21"><span class='ocrx_word' id='word_1_5' title='bbox 557 673 674 739; x_wconf 90' lang='lat' dir='ltr'>sed</span> <span class='ocrx_word' id='word_1_6' title='bbox 712 673 811 757; x_wconf 89' lang='lat' dir='ltr'>(si·</span> <span class='ocrx_word' id='word_1_7' title='bbox 834 674 986 740; x_wconf 86' lang='lat' dir='ltr'>falli</span> <span class='ocrx_word' id='word_1_8' title='bbox 1023 674 1225 757; x_wconf 92' lang='lat' dir='ltr'>nolit)</span> <span class='ocrx_word' id='word_1_9' title='bbox 1264 674 1436 740; x_wconf 90' lang='lat' dir='ltr'>sciat</span> <span class='ocrx_word' id='word_1_10' title='bbox 1483 696 1553 740; x_wconf 92' lang='lat' dir='ltr'>se</span> <span class='ocrx_word' id='word_1_11' title='bbox 1592 680 1785 738; x_wconf 85' lang='lat' dir='ltr'>extra</span> <span class='ocrx_word' id='word_1_12' title='bbox 1831 681 2155 738; x_wconf 90' lang='lat' dir='ltr'>naturam</span> <span class='ocrx_word' id='word_1_13' title='bbox 2201 671 2636 760; x_wconf 84' lang='lat' dir='ltr'>phantastice</span> <span class='ocrx_word' id='word_1_14' title='bbox 2686 693 2839 737; x_wconf 77' lang='lat' dir='ltr'>eva-</span> 
     </span>
     <span class='ocr_line' id='line_1_3' title="bbox 555 798 2837 887; baseline -0.002 -22"><span class='ocrx_word' id='word_1_15' title='bbox 555 799 709 885; x_wconf 88' lang='lat' dir='ltr'>gari</span> <span class='ocrx_word' id='word_1_16' title='bbox 748 804 957 885; x_wconf 88' lang='lat' dir='ltr'>atque</span> <span class='ocrx_word' id='word_1_17' title='bbox 1002 798 1363 867; x_wconf 90' lang='lat' dir='ltr'>somniare.</span> <span class='ocrx_word' id='word_1_18' title='bbox 1415 801 1515 865; x_wconf 87' lang='lat'>13.</span> <span class='ocrx_word' id='word_1_19' title='bbox 1555 800 1823 885; x_wconf 85' lang='lat' dir='ltr'>Vulgus</span> <span class='ocrx_word' id='word_1_20' title='bbox 1862 805 2369 887; x_wconf 74' lang='lat' dir='ltr'>geometrarum</span> <span class='ocrx_word' id='word_1_21' title='bbox 2416 798 2505 865; x_wconf 88' lang='lat' dir='ltr'>ad</span> <span class='ocrx_word' id='word_1_22' title='bbox 2559 803 2837 863; x_wconf 90' lang='lat' dir='ltr'>tantum</span> 
     </span>
     <span class='ocr_line' id='line_1_4' title="bbox 557 901 3082 1012; baseline -0.001 -23"><span class='ocrx_word' id='word_1_23' title='bbox 557 924 901 992; x_wconf 72' lang='lat' dir='ltr'>stultitiae</span> <span class='ocrx_word' id='word_1_24' title='bbox 960 924 1266 1010; x_wconf 85' lang='lat' dir='ltr'>devenit,</span> <span class='ocrx_word' id='word_1_25' title='bbox 1337 932 1416 991; x_wconf 86' lang='lat' dir='ltr'>ut</span> <span class='ocrx_word' id='word_1_26' title='bbox 1478 925 1661 1012; x_wconf 89' lang='lat' dir='ltr'>quod</span> <span class='ocrx_word' id='word_1_27' title='bbox 1717 901 1993 992; x_wconf 82' lang='lat' dir='ltr'>infinite</span> <span class='ocrx_word' id='word_1_28' title='bbox 2046 924 2143 1006; x_wconf 72' lang='lat' dir='ltr'>dil</span> <span class='ocrx_word' id='word_1_29' title='bbox 2167 923 2458 991; x_wconf 91' lang='lat' dir='ltr'>viduum</span> <span class='ocrx_word' id='word_1_30' title='bbox 2502 912 2841 1008; x_wconf 89' lang='lat' dir='ltr'>intelligit</span> <span class='ocrx_word' id='word_1_31' title='bbox 2888 925 2946 988; x_wconf 88' lang='lat' dir='ltr'><strong>b</strong></span> <span class='ocrx_word' id='word_1_32' title='bbox 2980 923 3082 986; x_wconf 80' lang='lat'>6¹·</span> 
     </span>
     <span class='ocr_line' id='line_1_5' title="bbox 559 1050 2842 1137; baseline -0.001 -21"><span class='ocrx_word' id='word_1_33' title='bbox 559 1074 703 1118; x_wconf 87' lang='lat' dir='ltr'>esse</span> <span class='ocrx_word' id='word_1_34' title='bbox 750 1051 1125 1118; x_wconf 86' lang='lat' dir='ltr'>terminum</span> <span class='ocrx_word' id='word_1_35' title='bbox 1171 1052 1470 1119; x_wconf 88' lang='lat' dir='ltr'>termino</span> <span class='ocrx_word' id='word_1_36' title='bbox 1509 1052 1869 1119; x_wconf 88' lang='lat' dir='ltr'>individuo</span> <span class='ocrx_word' id='word_1_37' title='bbox 1922 1058 2272 1137; x_wconf 84' lang='lat' dir='ltr'>exaequet.</span> <span class='ocrx_word' id='word_1_38' title='bbox 2321 1050 2609 1116; x_wconf 87' lang='lat' dir='ltr'>Infinita</span> <span class='ocrx_word' id='word_1_39' title='bbox 2656 1050 2842 1115; x_wconf 91' lang='lat' dir='ltr'>insu-</span> 
     </span>
    </p>

    <p class='ocr_par' dir='ltr' id='par_1_3' title="bbox 470 1174 2848 1755">
     <span class='ocr_line' id='line_1_6' title="bbox 470 1174 2840 1265; baseline -0.002 -22"><span class='ocrx_word' id='word_1_40' title='bbox 470 1178 511 1243; x_wconf 76' lang='grc'>5</span> <span class='ocrx_word' id='word_1_41' title='bbox 555 1198 681 1264; x_wconf 89' lang='lat' dir='ltr'>per</span> <span class='ocrx_word' id='word_1_42' title='bbox 736 1176 1025 1242; x_wconf 85' lang='lat' dir='ltr'>minima</span> <span class='ocrx_word' id='word_1_43' title='bbox 1093 1177 1205 1243; x_wconf 86' lang='lat' dir='ltr'>vel</span> <span class='ocrx_word' id='word_1_44' title='bbox 1270 1184 1503 1265; x_wconf 88' lang='lat' dir='ltr'>partes</span> <span class='ocrx_word' id='word_1_45' title='bbox 1558 1178 1645 1244; x_wconf 89' lang='lat' dir='ltr'>ad</span> <span class='ocrx_word' id='word_1_46' title='bbox 1700 1178 1908 1245; x_wconf 91' lang='lat' dir='ltr'>unius</span> <span class='ocrx_word' id='word_1_47' title='bbox 1974 1176 2248 1243; x_wconf 86' lang='lat' dir='ltr'>minimi</span> <span class='ocrx_word' id='word_1_48' title='bbox 2314 1176 2426 1242; x_wconf 83' lang='lat' dir='ltr'>vel</span> <span class='ocrx_word' id='word_1_49' title='bbox 2493 1174 2840 1241; x_wconf 86' lang='lat' dir='ltr'>individui</span> 
     </span>
     <span class='ocr_line' id='line_1_7' title="bbox 559 1300 2846 1390; baseline -0.001 -23"><span class='ocrx_word' id='word_1_50' title='bbox 559 1309 956 1369; x_wconf 88' lang='lat' dir='ltr'>contactum</span> <span class='ocrx_word' id='word_1_51' title='bbox 990 1303 1253 1368; x_wconf 89' lang='lat' dir='ltr'>sincere</span> <span class='ocrx_word' id='word_1_52' title='bbox 1285 1309 1355 1369; x_wconf 87' lang='lat' dir='ltr'>et</span> <span class='ocrx_word' id='word_1_53' title='bbox 1388 1305 1768 1390; x_wconf 88' lang='lat' dir='ltr'>aequaliter</span> <span class='ocrx_word' id='word_1_54' title='bbox 1800 1327 1885 1370; x_wconf 82' lang='lat' dir='ltr'>ex</span> <span class='ocrx_word' id='word_1_55' title='bbox 1919 1309 2453 1389; x_wconf 86' lang='lat' dir='ltr'>quantacunque</span> <span class='ocrx_word' id='word_1_56' title='bbox 2491 1300 2846 1367; x_wconf 88' lang='lat' dir='ltr'>circumfe-</span> 
     </span>
     <span class='ocr_line' id='line_1_8' title="bbox 558 1426 2847 1516; baseline -0.003 -18"><span class='ocrx_word' id='word_1_57' title='bbox 558 1429 785 1498; x_wconf 88' lang='lat' dir='ltr'>rentia</span> <span class='ocrx_word' id='word_1_58' title='bbox 807 1435 875 1495; x_wconf 89' lang='lat' dir='ltr'>et</span> <span class='ocrx_word' id='word_1_59' title='bbox 894 1428 1323 1495; x_wconf 81' lang='lat' dir='ltr'>dimensione</span> <span class='ocrx_word' id='word_1_60' title='bbox 1344 1428 1557 1495; x_wconf 88' lang='lat' dir='ltr'>fluere</span> <span class='ocrx_word' id='word_1_61' title='bbox 1578 1429 1931 1516; x_wconf 89' lang='lat' dir='ltr'>intelligit.</span> <span class='ocrx_word' id='word_1_62' title='bbox 1957 1430 2126 1508; x_wconf 78' lang='lat' dir='ltr'>Quis</span> <span class='ocrx_word' id='word_1_63' title='bbox 2152 1428 2385 1494; x_wconf 88' lang='lat' dir='ltr'>credat</span> <span class='ocrx_word' id='word_1_64' title='bbox 2414 1428 2490 1492; x_wconf 94' lang='lat' dir='ltr'>in</span> <span class='ocrx_word' id='word_1_65' title='bbox 2510 1426 2639 1492; x_wconf 87' lang='lat' dir='ltr'>tali</span> <span class='ocrx_word' id='word_1_66' title='bbox 2659 1448 2847 1491; x_wconf 90' lang='lat' dir='ltr'>men-</span> 
     </span>
     <span class='ocr_line' id='line_1_9' title="bbox 557 1554 2848 1644; baseline -0.002 -19"><span class='ocrx_word' id='word_1_67' title='bbox 557 1564 870 1626; x_wconf 88' lang='lat' dir='ltr'>suratore</span> <span class='ocrx_word' id='word_1_68' title='bbox 921 1557 1357 1623; x_wconf 83' lang='lat' dir='ltr'>mensuram?</span> <span class='ocrx_word' id='word_1_69' title='bbox 1405 1559 1646 1644; x_wconf 92' lang='lat' dir='ltr'>Ipsum</span> <span class='ocrx_word' id='word_1_70' title='bbox 1692 1557 1989 1642; x_wconf 85' lang='lat' dir='ltr'>faciunt,</span> <span class='ocrx_word' id='word_1_71' title='bbox 2039 1557 2163 1623; x_wconf 83' lang='lat' dir='ltr'>ubi</span> <span class='ocrx_word' id='word_1_72' title='bbox 2211 1578 2446 1623; x_wconf 91' lang='lat' dir='ltr'>omnes</span> <span class='ocrx_word' id='word_1_73' title='bbox 2473 1554 2848 1643; x_wconf 86' lang='lat' dir='ltr'>aperiphe-</span> 
     </span>
     <span class='ocr_line' id='line_1_10' title="bbox 559 1684 2844 1755; baseline -0.002 0"><span class='ocrx_word' id='word_1_74' title='bbox 559 1690 662 1755; x_wconf 88' lang='lat' dir='ltr'>ria</span> <span class='ocrx_word' id='word_1_75' title='bbox 700 1688 919 1753; x_wconf 91' lang='lat' dir='ltr'>lineas</span> <span class='ocrx_word' id='word_1_76' title='bbox 957 1685 1322 1752; x_wconf 86' lang='lat' dir='ltr'>individuo</span> <span class='ocrx_word' id='word_1_77' title='bbox 1360 1691 1596 1752; x_wconf 89' lang='lat' dir='ltr'>centro</span> <span class='ocrx_word' id='word_1_78' title='bbox 1644 1687 1894 1752; x_wconf 86' lang='lat' dir='ltr'>volunt</span> <span class='ocrx_word' id='word_1_79' title='bbox 1931 1685 2312 1751; x_wconf 80' lang='lat' dir='ltr'>terminari.</span> <span class='ocrx_word' id='word_1_80' title='bbox 2364 1685 2468 1749; x_wconf 87' lang='lat'>14.</span> <span class='ocrx_word' id='word_1_81' title='bbox 2500 1684 2644 1751; x_wconf 90' lang='lat' dir='ltr'>Nos</span> <span class='ocrx_word' id='word_1_82' title='bbox 2680 1706 2844 1751; x_wconf 90' lang='lat' dir='ltr'>vero</span> 
     </span>
    </p>
   </div>
   <div class='ocr_carea' id='block_1_3' title="bbox 317 1809 2847 1898">
    <p class='ocr_par' dir='ltr' id='par_1_4' title="bbox 317 1809 2847 1898">
     <span class='ocr_line' id='line_1_11' title="bbox 317 1809 2847 1898; baseline -0.004 -13"><span class='ocrx_word' id='word_1_83' title='bbox 317 1853 329 1861; x_wconf 90' lang='lat'><strong>·</strong></span> <span class='ocrx_word' id='word_1_84' title='bbox 432 1821 517 1884; x_wconf 94' lang='lat' dir='ltr'>lO</span> <span class='ocrx_word' id='word_1_85' title='bbox 560 1813 740 1879; x_wconf 86' lang='lat' dir='ltr'>circa</span> <span class='ocrx_word' id='word_1_86' title='bbox 761 1833 980 1877; x_wconf 90' lang='lat' dir='ltr'>unum</span> <span class='ocrx_word' id='word_1_87' title='bbox 997 1816 1338 1898; x_wconf 91' lang='lat' dir='ltr'>punctum</span> <span class='ocrx_word' id='word_1_88' title='bbox 1359 1816 1429 1875; x_wconf 88' lang='lat' dir='ltr'>et</span> <span class='ocrx_word' id='word_1_89' title='bbox 1449 1810 1537 1876; x_wconf 90' lang='lat' dir='ltr'>ad</span> <span class='ocrx_word' id='word_1_90' title='bbox 1557 1832 1775 1875; x_wconf 90' lang='lat' dir='ltr'>unum</span> <span class='ocrx_word' id='word_1_91' title='bbox 1789 1810 2231 1877; x_wconf 82' lang='lat' dir='ltr'>individuum</span> <span class='ocrx_word' id='word_1_92' title='bbox 2247 1810 2431 1876; x_wconf 89' lang='lat' dir='ltr'>ultra</span> <span class='ocrx_word' id='word_1_93' title='bbox 2451 1832 2569 1875; x_wconf 84' lang='lat' dir='ltr'>sex</span> <span class='ocrx_word' id='word_1_94' title='bbox 2593 1809 2847 1876; x_wconf 81' lang='lat' dir='ltr'>indivi-</span> 
     </span>
    </p>
   </div>
   <div class='ocr_carea' id='block_1_4' title="bbox 433 1935 3099 4300">
    <p class='ocr_par' dir='ltr' id='par_1_5' title="bbox 433 1935 3099 4300">
     <span class='ocr_line' id='line_1_12' title="bbox 560 1935 2848 2026; baseline -0.002 -20"><span class='ocrx_word' id='word_1_95' title='bbox 560 1939 694 2005; x_wconf 90' lang='lat' dir='ltr'>dua</span> <span class='ocrx_word' id='word_1_96' title='bbox 713 1937 1116 2026; x_wconf 88' lang='lat' dir='ltr'>pertingere</span> <span class='ocrx_word' id='word_1_97' title='bbox 1153 1958 1296 2002; x_wconf 92' lang='lat' dir='ltr'>non</span> <span class='ocrx_word' id='word_1_98' title='bbox 1315 1958 1514 2024; x_wconf 87' lang='lat' dir='ltr'>posse</span> <span class='ocrx_word' id='word_1_99' title='bbox 1536 1935 2020 2002; x_wconf 80' lang='lat' dir='ltr'>indicabimus.</span> <span class='ocrx_word' id='word_1_100' title='bbox 2042 1936 2245 2003; x_wconf 89' lang='lat' dir='ltr'>Unde</span> <span class='ocrx_word' id='word_1_101' title='bbox 2269 1942 2530 2023; x_wconf 92' lang='lat' dir='ltr'>quanto</span> <span class='ocrx_word' id='word_1_102' title='bbox 2552 1936 2848 2023; x_wconf 87' lang='lat' dir='ltr'>amplior</span> 
     </span>
     <span class='ocr_line' id='line_1_13' title="bbox 560 2060 2850 2150; baseline -0.001 -20"><span class='ocrx_word' id='word_1_103' title='bbox 560 2071 664 2130; x_wconf 90' lang='lat' dir='ltr'>est</span> <span class='ocrx_word' id='word_1_104' title='bbox 701 2062 1287 2145; x_wconf 75' lang='lat' dir='ltr'>circumferentia,</span> <span class='ocrx_word' id='word_1_105' title='bbox 1331 2069 1530 2128; x_wconf 91' lang='lat' dir='ltr'>tanto</span> <span class='ocrx_word' id='word_1_106' title='bbox 1580 2060 2002 2128; x_wconf 79' lang='lat' dir='ltr'>divisibilius</span> <span class='ocrx_word' id='word_1_107' title='bbox 2046 2068 2319 2149; x_wconf 88' lang='lat' dir='ltr'>oportet</span> <span class='ocrx_word' id='word_1_108' title='bbox 2363 2063 2672 2150; x_wconf 85' lang='lat' dir='ltr'>accipere</span> <span class='ocrx_word' id='word_1_109' title='bbox 2715 2085 2850 2128; x_wconf 90' lang='lat' dir='ltr'>me-</span> 
     </span>
     <span class='ocr_line' id='line_1_14' title="bbox 565 2187 2850 2276; baseline -0.001 -20"><span class='ocrx_word' id='word_1_110' title='bbox 565 2189 776 2256; x_wconf 90' lang='lat' dir='ltr'>dium.</span> <span class='ocrx_word' id='word_1_111' title='bbox 811 2191 911 2254; x_wconf 83' lang='lat'>15.</span> <span class='ocrx_word' id='word_1_112' title='bbox 947 2189 1400 2255; x_wconf 82' lang='lat' dir='ltr'>Individuum</span> <span class='ocrx_word' id='word_1_113' title='bbox 1440 2187 1698 2276; x_wconf 86' lang='lat' dir='ltr'>quippe</span> <span class='ocrx_word' id='word_1_114' title='bbox 1736 2188 2040 2255; x_wconf 89' lang='lat' dir='ltr'>medium</span> <span class='ocrx_word' id='word_1_115' title='bbox 2076 2188 2542 2276; x_wconf 89' lang='lat' dir='ltr'>peripheriam</span> <span class='ocrx_word' id='word_1_116' title='bbox 2576 2212 2695 2255; x_wconf 82' lang='lat' dir='ltr'>sex</span> <span class='ocrx_word' id='word_1_117' title='bbox 2726 2189 2850 2255; x_wconf 93' lang='lat' dir='ltr'>mi-</span> 
     </span>
     <span class='ocr_line' id='line_1_15' title="bbox 563 2312 2850 2401; baseline -0.001 -20"><span class='ocrx_word' id='word_1_118' title='bbox 563 2315 772 2381; x_wconf 86' lang='lat' dir='ltr'>nimis</span> <span class='ocrx_word' id='word_1_119' title='bbox 805 2320 1235 2381; x_wconf 71' lang='lat' dir='ltr'>constantem</span> <span class='ocrx_word' id='word_1_120' title='bbox 1259 2313 1551 2380; x_wconf 80' lang='lat' dir='ltr'>assumit</span> <span class='ocrx_word' id='word_1_121' title='bbox 1570 2313 1866 2401; x_wconf 89' lang='lat' dir='ltr'>duplicis</span> <span class='ocrx_word' id='word_1_122' title='bbox 1895 2312 2194 2400; x_wconf 76' lang='lat' dir='ltr'>generiS,</span> <span class='ocrx_word' id='word_1_123' title='bbox 2227 2320 2307 2379; x_wconf 93' lang='lat' dir='ltr'>ut</span> <span class='ocrx_word' id='word_1_124' title='bbox 2335 2313 2592 2401; x_wconf 82' lang='lat' dir='ltr'>duplex</span> <span class='ocrx_word' id='word_1_125' title='bbox 2639 2314 2850 2380; x_wconf 89' lang='lat' dir='ltr'>etiam</span> 
     </span>
     <span class='ocr_line' id='line_1_16' title="bbox 434 2436 2854 2525; baseline -0.002 -16"><span class='ocrx_word' id='word_1_126' title='bbox 434 2445 517 2510; x_wconf 78' lang='lat'>15</span> <span class='ocrx_word' id='word_1_127' title='bbox 564 2445 667 2507; x_wconf 85' lang='lat' dir='ltr'>est</span> <span class='ocrx_word' id='word_1_128' title='bbox 685 2439 960 2506; x_wconf 89' lang='lat' dir='ltr'>minimi</span> <span class='ocrx_word' id='word_1_129' title='bbox 996 2461 1235 2525; x_wconf 89' lang='lat' dir='ltr'>genus.</span> <span class='ocrx_word' id='word_1_130' title='bbox 1280 2439 1381 2503; x_wconf 82' lang='lat'>16.</span> <span class='ocrx_word' id='word_1_131' title='bbox 1420 2436 1710 2503; x_wconf 79' lang='lat' dir='ltr'>Minimo</span> <span class='ocrx_word' id='word_1_132' title='bbox 1750 2443 1954 2503; x_wconf 85' lang='lat' dir='ltr'>aucta</span> <span class='ocrx_word' id='word_1_133' title='bbox 1992 2437 2354 2522; x_wconf 84' lang='lat' dir='ltr'>diametro,</span> <span class='ocrx_word' id='word_1_134' title='bbox 2378 2438 2618 2504; x_wconf 88' lang='lat' dir='ltr'>circuli</span> <span class='ocrx_word' id='word_1_135' title='bbox 2653 2439 2854 2504; x_wconf 89' lang='lat' dir='ltr'>mini-</span> 
     </span>
     <span class='ocr_line' id='line_1_17' title="bbox 568 2563 2852 2654; baseline -0.001 -21"><span class='ocrx_word' id='word_1_136' title='bbox 568 2589 679 2633; x_wconf 89' lang='lat' dir='ltr'>ma</span> <span class='ocrx_word' id='word_1_137' title='bbox 700 2565 1165 2654; x_wconf 84' lang='lat' dir='ltr'>duplicantur.</span> <span class='ocrx_word' id='word_1_138' title='bbox 1207 2566 1312 2630; x_wconf 85' lang='grc'><strong>17.</strong></span> <span class='ocrx_word' id='word_1_139' title='bbox 1349 2563 1643 2629; x_wconf 89' lang='lat' dir='ltr'>Minima</span> <span class='ocrx_word' id='word_1_140' title='bbox 1688 2563 1855 2629; x_wconf 91' lang='lat' dir='ltr'>dum</span> <span class='ocrx_word' id='word_1_141' title='bbox 1893 2564 2073 2630; x_wconf 87' lang='lat' dir='ltr'>circa</span> <span class='ocrx_word' id='word_1_142' title='bbox 2105 2565 2471 2631; x_wconf 83' lang='lat' dir='ltr'>minimum</span> <span class='ocrx_word' id='word_1_143' title='bbox 2494 2563 2624 2630; x_wconf 93' lang='lat' dir='ltr'>hoc</span> <span class='ocrx_word' id='word_1_144' title='bbox 2646 2571 2852 2654; x_wconf 87' lang='lat' dir='ltr'>pacto</span> 
     </span>
     <span class='ocr_line' id='line_1_18' title="bbox 569 2689 2856 2779; baseline -0 -21"><span class='ocrx_word' id='word_1_145' title='bbox 569 2692 657 2758; x_wconf 90' lang='lat' dir='ltr'>ad</span> <span class='ocrx_word' id='word_1_146' title='bbox 695 2691 1001 2779; x_wconf 87' lang='lat' dir='ltr'>spatium</span> <span class='ocrx_word' id='word_1_147' title='bbox 1039 2689 1523 2778; x_wconf 90' lang='lat' dir='ltr'>complendum</span> <span class='ocrx_word' id='word_1_148' title='bbox 1571 2691 2058 2778; x_wconf 87' lang='lat' dir='ltr'>adponuntur,</span> <span class='ocrx_word' id='word_1_149' title='bbox 2107 2697 2178 2756; x_wconf 91' lang='lat' dir='ltr'>et</span> <span class='ocrx_word' id='word_1_150' title='bbox 2221 2689 2687 2778; x_wconf 88' lang='lat' dir='ltr'>peripheriam</span> <span class='ocrx_word' id='word_1_151' title='bbox 2734 2689 2856 2757; x_wconf 92' lang='lat' dir='ltr'>du-</span> 
     </span>
     <span class='ocr_line' id='line_1_19' title="bbox 567 2817 2854 2910; baseline -0.001 -23"><span class='ocrx_word' id='word_1_152' title='bbox 567 2821 870 2910; x_wconf 87' lang='lat' dir='ltr'>plicant,</span> <span class='ocrx_word' id='word_1_153' title='bbox 933 2819 1010 2885; x_wconf 90' lang='lat' dir='ltr'>in</span> <span class='ocrx_word' id='word_1_154' title='bbox 1074 2817 1423 2904; x_wconf 83' lang='lat' dir='ltr'>hexagoni</span> <span class='ocrx_word' id='word_1_155' title='bbox 1496 2817 1792 2905; x_wconf 90' lang='lat' dir='ltr'>speciem</span> <span class='ocrx_word' id='word_1_156' title='bbox 1863 2824 2199 2906; x_wconf 89' lang='lat' dir='ltr'>perpetuo</span> <span class='ocrx_word' id='word_1_157' title='bbox 2264 2824 2705 2902; x_wconf 85' lang='lat' dir='ltr'>excrescunt3</span> <span class='ocrx_word' id='word_1_158' title='bbox 2785 2825 2854 2886; x_wconf 89' lang='lat' dir='ltr'>et</span> 
     </span>
     <span class='ocr_line' id='line_1_20' title="bbox 566 2942 2854 3035; baseline -0.001 -23"><span class='ocrx_word' id='word_1_159' title='bbox 566 2952 934 3035; x_wconf 88' lang='lat' dir='ltr'>propterea</span> <span class='ocrx_word' id='word_1_160' title='bbox 973 2942 1382 3030; x_wconf 88' lang='lat' dir='ltr'>simpliciter</span> <span class='ocrx_word' id='word_1_161' title='bbox 1420 2942 1751 3008; x_wconf 88' lang='lat' dir='ltr'>circulare</span> <span class='ocrx_word' id='word_1_162' title='bbox 1787 2943 2074 3030; x_wconf 85' lang='lat' dir='ltr'>physice</span> <span class='ocrx_word' id='word_1_163' title='bbox 2101 2966 2243 3010; x_wconf 92' lang='lat' dir='ltr'>non</span> <span class='ocrx_word' id='word_1_164' title='bbox 2270 2950 2501 3030; x_wconf 86' lang='lat' dir='ltr'>potest</span> <span class='ocrx_word' id='word_1_165' title='bbox 2532 2966 2676 3010; x_wconf 88' lang='lat' dir='ltr'>esse</span> <span class='ocrx_word' id='word_1_166' title='bbox 2715 2944 2854 3010; x_wconf 83' lang='lat' dir='ltr'>nisi</span> 
     </span>
     <span class='ocr_line' id='line_1_21' title="bbox 433 3071 2854 3158; baseline -0.001 -16"><span class='ocrx_word' id='word_1_167' title='bbox 433 3091 524 3156; x_wconf 74' lang='lat'>20</span> <span class='ocrx_word' id='word_1_168' title='bbox 568 3097 786 3142; x_wconf 89' lang='lat' dir='ltr'>unum</span> <span class='ocrx_word' id='word_1_169' title='bbox 818 3072 1193 3139; x_wconf 87' lang='lat' dir='ltr'>infinitum.</span> <span class='ocrx_word' id='word_1_170' title='bbox 1237 3072 1337 3136; x_wconf 84' lang='lat'>18.</span> <span class='ocrx_word' id='word_1_171' title='bbox 1373 3071 1657 3136; x_wconf 90' lang='lat' dir='ltr'>Praeter</span> <span class='ocrx_word' id='word_1_172' title='bbox 1688 3071 2055 3138; x_wconf 90' lang='lat' dir='ltr'>minimum</span> <span class='ocrx_word' id='word_1_173' title='bbox 2102 3079 2171 3137; x_wconf 91' lang='lat' dir='ltr'>et</span> <span class='ocrx_word' id='word_1_174' title='bbox 2218 3071 2691 3158; x_wconf 86' lang='lat' dir='ltr'>individuum,</span> <span class='ocrx_word' id='word_1_175' title='bbox 2733 3095 2854 3140; x_wconf 94' lang='lat' dir='ltr'>seu</span> 
     </span>
     <span class='ocr_line' id='line_1_22' title="bbox 568 3196 2854 3285; baseline -0.002 -18"><span class='ocrx_word' id='word_1_176' title='bbox 568 3207 875 3269; x_wconf 84' lang='lat' dir='ltr'>atomum</span> <span class='ocrx_word' id='word_1_177' title='bbox 913 3205 982 3263; x_wconf 91' lang='lat' dir='ltr'>et</span> <span class='ocrx_word' id='word_1_178' title='bbox 1019 3203 1389 3285; x_wconf 89' lang='lat' dir='ltr'>punctum,</span> <span class='ocrx_word' id='word_1_179' title='bbox 1422 3196 1601 3262; x_wconf 89' lang='lat' dir='ltr'>nihil</span> <span class='ocrx_word' id='word_1_180' title='bbox 1637 3220 1783 3264; x_wconf 89' lang='lat' dir='ltr'>esse</span> <span class='ocrx_word' id='word_1_181' title='bbox 1819 3220 1981 3264; x_wconf 85' lang='lat' dir='ltr'>vere</span> <span class='ocrx_word' id='word_1_182' title='bbox 2020 3197 2359 3284; x_wconf 88' lang='lat' dir='ltr'>intelligo.</span> <span class='ocrx_word' id='word_1_183' title='bbox 2411 3199 2514 3264; x_wconf 87' lang='lat'>19.</span> <span class='ocrx_word' id='word_1_184' title='bbox 2561 3197 2854 3263; x_wconf 88' lang='lat' dir='ltr'>Minima</span> 
     </span>
     <span class='ocr_line' id='line_1_23' title="bbox 569 3324 2851 3413; baseline -0.002 -20"><span class='ocrx_word' id='word_1_185' title='bbox 569 3328 865 3393; x_wconf 86' lang='lat' dir='ltr'>invicem</span> <span class='ocrx_word' id='word_1_186' title='bbox 893 3331 1256 3413; x_wconf 89' lang='lat' dir='ltr'>penetrare</span> <span class='ocrx_word' id='word_1_187' title='bbox 1289 3346 1445 3390; x_wconf 90' lang='lat' dir='ltr'>cum</span> <span class='ocrx_word' id='word_1_188' title='bbox 1478 3330 1846 3411; x_wconf 86' lang='lat' dir='ltr'>nequeant,</span> <span class='ocrx_word' id='word_1_189' title='bbox 1880 3347 2179 3391; x_wconf 85' lang='lat' dir='ltr'>vacuum</span> <span class='ocrx_word' id='word_1_190' title='bbox 2211 3347 2355 3390; x_wconf 88' lang='lat' dir='ltr'>esse</span> <span class='ocrx_word' id='word_1_191' title='bbox 2381 3330 2533 3390; x_wconf 89' lang='lat' dir='ltr'>tum</span> <span class='ocrx_word' id='word_1_192' title='bbox 2565 3324 2851 3412; x_wconf 88' lang='lat' dir='ltr'>physice</span> 
     </span>
     <span class='ocr_line' id='line_1_24' title="bbox 569 3452 2851 3541; baseline -0.001 -21"><span class='ocrx_word' id='word_1_193' title='bbox 569 3461 721 3522; x_wconf 85' lang='lat' dir='ltr'>tum</span> <span class='ocrx_word' id='word_1_194' title='bbox 764 3454 1178 3541; x_wconf 87' lang='lat' dir='ltr'>geometrice</span> <span class='ocrx_word' id='word_1_195' title='bbox 1224 3452 1654 3519; x_wconf 88' lang='lat' dir='ltr'>indicabunt.</span> <span class='ocrx_word' id='word_1_196' title='bbox 1700 3454 1804 3517; x_wconf 77' lang='lat'>20.</span> <span class='ocrx_word' id='word_1_197' title='bbox 1856 3453 1999 3521; x_wconf 90' lang='lat' dir='ltr'>Ubi</span> <span class='ocrx_word' id='word_1_198' title='bbox 2052 3476 2136 3518; x_wconf 84' lang='lat' dir='ltr'>ex</span> <span class='ocrx_word' id='word_1_199' title='bbox 2177 3453 2550 3538; x_wconf 89' lang='lat' dir='ltr'>triangulis</span> <span class='ocrx_word' id='word_1_200' title='bbox 2593 3452 2851 3519; x_wconf 90' lang='lat' dir='ltr'>rectili-</span> 
     </span>
     <span class='ocr_line' id='line_1_25' title="bbox 460 3578 2854 3668; baseline -0.003 -19"><span class='ocrx_word' id='word_1_201' title='bbox 460 3642 479 3659; x_wconf 86' lang='lat'>‚</span> <span class='ocrx_word' id='word_1_202' title='bbox 571 3584 718 3650; x_wconf 89' lang='lat' dir='ltr'>neis</span> <span class='ocrx_word' id='word_1_203' title='bbox 794 3605 1029 3649; x_wconf 90' lang='lat' dir='ltr'>omnes</span> <span class='ocrx_word' id='word_1_204' title='bbox 1089 3581 1333 3668; x_wconf 86' lang='lat' dir='ltr'>planas</span> <span class='ocrx_word' id='word_1_205' title='bbox 1396 3578 1654 3666; x_wconf 87' lang='lat' dir='ltr'>figuras</span> <span class='ocrx_word' id='word_1_206' title='bbox 1712 3579 2126 3645; x_wconf 85' lang='lat' dir='ltr'>constitutas</span> <span class='ocrx_word' id='word_1_207' title='bbox 2187 3579 2572 3666; x_wconf 88' lang='lat' dir='ltr'>intelligas,</span> <span class='ocrx_word' id='word_1_208' title='bbox 2635 3578 2854 3646; x_wconf 92' lang='lat' dir='ltr'>conti-</span> 
     </span>
     <span class='ocr_line' id='line_1_26' title="bbox 437 3706 3099 3795; baseline -0.003 -17"><span class='ocrx_word' id='word_1_209' title='bbox 437 3715 526 3780; x_wconf 79' lang='lat'>25</span> <span class='ocrx_word' id='word_1_210' title='bbox 569 3732 790 3776; x_wconf 89' lang='lat' dir='ltr'>nuum</span> <span class='ocrx_word' id='word_1_211' title='bbox 819 3709 828 3789; x_wconf 84' lang='grc' dir='ltr'>Ι</span> <span class='ocrx_word' id='word_1_212' title='bbox 856 3716 1064 3794; x_wconf 87' lang='lat' dir='ltr'>certe,</span> <span class='ocrx_word' id='word_1_213' title='bbox 1106 3708 1224 3774; x_wconf 87' lang='lat' dir='ltr'>sed</span> <span class='ocrx_word' id='word_1_214' title='bbox 1259 3729 1402 3773; x_wconf 90' lang='lat' dir='ltr'>non</span> <span class='ocrx_word' id='word_1_215' title='bbox 1440 3706 1808 3773; x_wconf 89' lang='lat' dir='ltr'>minimum</span> <span class='ocrx_word' id='word_1_216' title='bbox 1838 3707 1952 3773; x_wconf 86' lang='lat' dir='ltr'>vel</span> <span class='ocrx_word' id='word_1_217' title='bbox 1986 3730 2069 3772; x_wconf 84' lang='lat' dir='ltr'>ex</span> <span class='ocrx_word' id='word_1_218' title='bbox 2107 3707 2415 3772; x_wconf 84' lang='lat' dir='ltr'>minimis</span> <span class='ocrx_word' id='word_1_219' title='bbox 2451 3706 2848 3795; x_wconf 87' lang='lat' dir='ltr'>percepisti;</span> <span class='ocrx_word' id='word_1_220' title='bbox 2900 3718 2958 3781; x_wconf 84' lang='lat' dir='ltr'><strong>b</strong></span> <span class='ocrx_word' id='word_1_221' title='bbox 2994 3719 3099 3782; x_wconf 75' lang='lat' dir='ltr'>ev</span> 
     </span>
     <span class='ocr_line' id='line_1_27' title="bbox 577 3834 2852 3924; baseline -0.001 -21"><span class='ocrx_word' id='word_1_222' title='bbox 577 3837 1014 3904; x_wconf 84' lang='lat' dir='ltr'>rectilineum</span> <span class='ocrx_word' id='word_1_223' title='bbox 1090 3836 1349 3924; x_wconf 89' lang='lat' dir='ltr'>quippe</span> <span class='ocrx_word' id='word_1_224' title='bbox 1415 3834 1847 3921; x_wconf 83' lang='lat' dir='ltr'>triangulum</span> <span class='ocrx_word' id='word_1_225' title='bbox 1909 3834 2263 3921; x_wconf 88' lang='lat' dir='ltr'>triangulo</span> <span class='ocrx_word' id='word_1_226' title='bbox 2333 3835 2715 3902; x_wconf 85' lang='lat' dir='ltr'>curvilineo</span> <span class='ocrx_word' id='word_1_227' title='bbox 2782 3843 2852 3901; x_wconf 89' lang='lat' dir='ltr'>et</span> 
     </span>
     <span class='ocr_line' id='line_1_28' title="bbox 577 3960 2854 4048; baseline -0.002 -18"><span class='ocrx_word' id='word_1_228' title='bbox 577 3964 834 4030; x_wconf 89' lang='lat' dir='ltr'>circulo</span> <span class='ocrx_word' id='word_1_229' title='bbox 872 3961 1330 4048; x_wconf 90' lang='lat' dir='ltr'>compositum</span> <span class='ocrx_word' id='word_1_230' title='bbox 1375 3961 1781 4026; x_wconf 87' lang='lat' dir='ltr'>indicamus.</span> <span class='ocrx_word' id='word_1_231' title='bbox 1821 3963 1925 4026; x_wconf 80' lang='lat'>21.</span> <span class='ocrx_word' id='word_1_232' title='bbox 1967 3962 2132 4027; x_wconf 86' lang='lat' dir='ltr'>Tale</span> <span class='ocrx_word' id='word_1_233' title='bbox 2177 3961 2398 4047; x_wconf 90' lang='lat' dir='ltr'>igitur</span> <span class='ocrx_word' id='word_1_234' title='bbox 2443 3960 2854 4027; x_wconf 88' lang='lat' dir='ltr'>continuum</span> 
     </span>
     <span class='ocr_line' id='line_1_29' title="bbox 575 4086 2856 4174; baseline -0.002 -17"><span class='ocrx_word' id='word_1_235' title='bbox 575 4114 719 4158; x_wconf 91' lang='lat' dir='ltr'>non</span> <span class='ocrx_word' id='word_1_236' title='bbox 757 4089 1218 4155; x_wconf 90' lang='lat' dir='ltr'>mensurando</span> <span class='ocrx_word' id='word_1_237' title='bbox 1256 4087 1622 4174; x_wconf 89' lang='lat' dir='ltr'>intelligis,</span> <span class='ocrx_word' id='word_1_238' title='bbox 1663 4093 1733 4153; x_wconf 92' lang='lat' dir='ltr'>et</span> <span class='ocrx_word' id='word_1_239' title='bbox 1771 4109 1898 4174; x_wconf 91' lang='lat' dir='ltr'>ego</span> <span class='ocrx_word' id='word_1_240' title='bbox 1944 4093 2176 4152; x_wconf 91' lang='lat' dir='ltr'>tecum</span> <span class='ocrx_word' id='word_1_241' title='bbox 2223 4110 2367 4154; x_wconf 89' lang='lat' dir='ltr'>esse</span> <span class='ocrx_word' id='word_1_242' title='bbox 2414 4086 2602 4172; x_wconf 84' lang='lat' dir='ltr'>dicO,</span> <span class='ocrx_word' id='word_1_243' title='bbox 2653 4086 2856 4173; x_wconf 88' lang='lat' dir='ltr'>quale</span> 
     </span>
     <span class='ocr_line' id='line_1_30' title="bbox 577 4213 2858 4300; baseline -0.001 -16"><span class='ocrx_word' id='word_1_244' title='bbox 577 4218 636 4284; x_wconf 87' lang='lat' dir='ltr'>si</span> <span class='ocrx_word' id='word_1_245' title='bbox 676 4216 907 4283; x_wconf 88' lang='lat' dir='ltr'>metiri</span> <span class='ocrx_word' id='word_1_246' title='bbox 943 4215 1142 4300; x_wconf 82' lang='lat' dir='ltr'>veIiS,</span> <span class='ocrx_word' id='word_1_247' title='bbox 1183 4237 1401 4300; x_wconf 90' lang='lat' dir='ltr'>usque</span> <span class='ocrx_word' id='word_1_248' title='bbox 1439 4213 1527 4280; x_wconf 89' lang='lat' dir='ltr'>ad</span> <span class='ocrx_word' id='word_1_249' title='bbox 1563 4213 1932 4279; x_wconf 91' lang='lat' dir='ltr'>minimum</span> <span class='ocrx_word' id='word_1_250' title='bbox 1970 4213 2399 4298; x_wconf 83' lang='lat' dir='ltr'>resolvendO,</span> <span class='ocrx_word' id='word_1_251' title='bbox 2438 4213 2548 4279; x_wconf 83' lang='lat' dir='ltr'>vel</span> <span class='ocrx_word' id='word_1_252' title='bbox 2593 4213 2858 4281; x_wconf 89' lang='lat' dir='ltr'>hetero-</span> 
     </span>
    </p>
   </div>
   <div class='ocr_carea' id='block_1_5' title="bbox 1442 4386 1669 4392">
    <p class='ocr_par' dir='ltr' id='par_1_6' title="bbox 1442 4386 1669 4392">
     <span class='ocr_line' id='line_1_31' title="bbox 1442 4386 1669 4392; baseline 0 0"><span class='ocrx_word' id='word_1_253' title='bbox 1442 4386 1669 4392; x_wconf 95' lang='lat' dir='ltr'> </span> 
     </span>
    </p>
   </div>
   <div class='ocr_carea' id='block_1_6' title="bbox 1670 4386 1902 4392">
    <p class='ocr_par' dir='ltr' id='par_1_7' title="bbox 1670 4386 1902 4392">
     <span class='ocr_line' id='line_1_32' title="bbox 1670 4386 1902 4392; baseline 0 0"><span class='ocrx_word' id='word_1_254' title='bbox 1670 4386 1902 4392; x_wconf 95' lang='lat' dir='ltr'> </span> 
     </span>
    </p>
   </div>
   <div class='ocr_carea' id='block_1_7' title="bbox 2343 4386 2608 4392">
    <p class='ocr_par' dir='ltr' id='par_1_8' title="bbox 2343 4386 2608 4392">
     <span class='ocr_line' id='line_1_33' title="bbox 2343 4386 2608 4392; baseline 0 0"><span class='ocrx_word' id='word_1_255' title='bbox 2343 4386 2608 4392; x_wconf 95' lang='lat' dir='ltr'> </span> 
     </span>
    </p>
   </div>
   <div class='ocr_carea' id='block_1_8' title="bbox 2617 4386 2851 4394">
    <p class='ocr_par' dir='ltr' id='par_1_9' title="bbox 2617 4386 2851 4394">
     <span class='ocr_line' id='line_1_34' title="bbox 2617 4386 2851 4394; baseline 0 874"><span class='ocrx_word' id='word_1_256' title='bbox 2617 4386 2851 4394; x_wconf 95' lang='lat' dir='ltr'> </span> 
     </span>
    </p>
   </div>
   <div class='ocr_carea' id='block_1_9' title="bbox 759 4474 2595 4546">
    <p class='ocr_par' dir='ltr' id='par_1_10' title="bbox 759 4474 2595 4546">
     <span class='ocr_line' id='line_1_35' title="bbox 759 4474 2595 4546; baseline -0.003 -15"><span class='ocrx_word' id='word_1_257' title='bbox 759 4479 793 4531; x_wconf 86' lang='lat'>8</span> <span class='ocrx_word' id='word_1_258' title='bbox 825 4476 1185 4546; x_wconf 76' lang='lat' dir='ltr'>periphaeria</span> <span class='ocrx_word' id='word_1_259' title='bbox 1312 4477 1373 4528; x_wconf 86' lang='lat'>13</span> <span class='ocrx_word' id='word_1_260' title='bbox 1405 4491 1429 4524; x_wconf 83' lang='lat' dir='ltr'>e</span> <span class='ocrx_word' id='word_1_261' title='bbox 1462 4477 1522 4527; x_wconf 87' lang='grc'><strong>17</strong></span> <span class='ocrx_word' id='word_1_262' title='bbox 1555 4475 1976 4543; x_wconf 81' lang='lat' dir='ltr'>periphaeriam</span> <span class='ocrx_word' id='word_1_263' title='bbox 2100 4476 2163 4526; x_wconf 77' lang='lat'>29</span> <span class='ocrx_word' id='word_1_264' title='bbox 2195 4474 2595 4540; x_wconf 75' lang='lat' dir='ltr'>ethei-ogensis</span> 
     </span>
    </p>
   </div>
  </div>
 </body>
</html>
