3738 5268
1342 463 1431 507 DE
1473 462 1879 508 mvmvmoun
1919 462 2166 508 mmm.
2779 452 2896 509 245

614 617 1040 679 terminatione
1073 618 1425 678 resuscites.
1474 618 1639 678 Cedo
1675 639 1754 678 an
1787 639 1909 678 non
1945 618 2057 679 tibi
2088 618 2336 680 videtur
2372 619 2473 679 vix
2508 621 2707 680 tribus
2733 628 2906 680 extra

610 735 835 794 lineam
871 733 1368 811 contingentibus
1404 733 1648 811 punctis
1676 733 1872 793 locum
1919 753 2081 808 esse,
2121 753 2254 793 cum
2292 752 2366 792 ex
2410 740 2542 793 toto
2586 754 2740 812 gyro
2784 754 2904 793 non

610 852 750 929 plus
784 872 964 927 quam
998 871 1032 910 a
1069 870 1180 911 sex
1215 851 1601 930 comparibus
1644 852 1912 912 minimis
1948 851 2154 911 valeat
2194 850 2459 928 attingi?
2501 850 2633 909 Iam
2670 870 2817 928 ergo
2853 851 2903 909 si

610 988 794 1046 super
831 969 937 1027 illo
974 978 1201 1047 puncto
1239 969 1420 1028 cadat
1458 977 1630 1029 recta
1665 969 1799 1046 EO,
1837 988 2063 1045 quaero
2107 989 2184 1028 an
2219 987 2399 1046 quem
2435 969 2547 1028 tibi
2581 969 2907 1029 maximum

521 1087 564 1149 5
612 1084 689 1142 do
725 1087 1049 1163 (quemque
1082 1084 1172 1143 ita
1196 1085 1337 1145 volo
1373 1083 1605 1163 dicere)
1643 1085 1934 1162 angulum
1966 1084 2153 1161 BOA,
2187 1092 2511 1162 postquam
2543 1091 2640 1144 est
2668 1085 2904 1144 divisus

609 1202 672 1260 in
704 1201 858 1261 duas
891 1210 1105 1278 partes
1137 1202 1302 1260 BGE
1346 1202 1634 1279 angulum
1678 1209 1742 1262 et
1799 1201 1968 1261 ECA
2021 1201 2338 1279 angulum,
2395 1201 2620 1260 accidit
2671 1200 2781 1260 tibi
2836 1207 2905 1259 ut

608 1316 868 1376 eundem
903 1317 1003 1377 vel
1054 1317 1208 1376 alios
1243 1317 1396 1377 duos
1445 1319 1705 1395 angulos
1751 1318 2067 1379 commode
2104 1317 2496 1393 subdividas,
2535 1325 2604 1376 ut
2657 1317 2783 1376 sint
2823 1315 2904 1375 ad

610 1433 885 1493 eiusdem
920 1434 1127 1510 anguli
1166 1433 1532 1494 divisionem
1569 1442 1924 1511 spectantes
1980 1433 2148 1493 BOD
2190 1433 2359 1493 DCE
2412 1433 2576 1493 ECF
2618 1432 2803 1510 FOA,
2840 1441 2904 1491 et

607 1570 747 1608 mox
789 1548 868 1608 ad
919 1549 1273 1609 ulteriorem
1322 1549 1688 1609 divisionem
1724 1550 1944 1609 volens
1987 1550 2321 1628 procedere
2377 1549 2582 1626 possis
2637 1548 2893 1609 eundem

478 1664 563 1728 10
607 1675 861 1743 puntum
898 1666 946 1725 C
984 1667 1310 1725 terminum
1339 1666 1761 1726 constituere?
1792 1665 1972 1737 Quod
2005 1666 2059 1725 si
2090 1674 2186 1726 est
2222 1667 2317 1746 (ut
2344 1664 2498 1725 satis
2535 1673 2633 1725 est
2668 1665 2902 1743 perspi-

610 1786 811 1862 cuum)
847 1782 1114 1861 efficere,
1148 1784 1293 1861 quid
1338 1791 1400 1843 te
1446 1783 1704 1863 impedit
1754 1783 2075 1859 quominus
2128 1782 2444 1860 intelligas
2498 1783 2789 1862 deinceps
2824 1784 2899 1842 ad

606 1899 862 1959 aliorum
899 1900 1260 1977 angulorum
1296 1920 1518 1959 novam
1553 1899 1915 1960 divisionem
1946 1900 2176 1959 nullum
2210 1900 2321 1959 tibi
2357 1920 2495 1960 esse
2529 1899 2746 1976 locum,
2782 1900 2899 1959 nisi

606 2018 766 2077 sorte
804 2025 992 2077 totam
1024 2038 1227 2077 aream
1263 2017 1441 2076 unius
1484 2018 1692 2093 anguli
1735 2018 1977 2078 nomine
2010 2018 2168 2078 velis
2204 2018 2593 2094 intelligere?
2628 2019 2804 2078 Nunc
2847 2021 2899 2079 si
2945 2020 2966 2042 “’

604 2136 771 2214 (quia
801 2156 922 2195 non
956 2136 1167 2213 legisti
1193 2136 1296 2195 vel
1331 2134 1491 2195 forte
1526 2155 1646 2194 non
1674 2136 2039 2196 intellexisti
2065 2155 2221 2213 quae
2253 2136 2424 2214 prius
2455 2135 2620 2195 dicta
2652 2142 2796 2195 sunt
2824 2136 2900 2197 de

473 2248 556 2311 1¹5
606 2251 1112 2329 multiplicatione
1147 2251 1378 2310 minimi
1413 2259 1596 2328 atque
1631 2251 1878 2311 termini
1914 2260 1977 2311 et
2018 2251 2095 2311 de
2139 2252 2409 2329 ipsorum
2446 2258 2654 2311 mutua
2691 2270 2900 2311 conse-

602 2368 875 2447 quentia)
908 2388 1028 2427 non
1058 2367 1431 2445 acquiescas,
1458 2368 1535 2427 ad
1565 2369 1669 2427 illa
1700 2369 1922 2429 iterum
1945 2377 2008 2428 te
2030 2368 2276 2428 remitto
2300 2368 2700 2447 inspicienda,
2735 2369 2897 2428 unde

602 2484 858 2544 istorum
893 2483 1088 2543 omnis
1122 2484 1280 2544 ratio
1312 2483 1639 2561 dependet.
1674 2484 1812 2543 Hoc
1844 2493 2050 2545 tamen
2079 2484 2209 2562 tibi,
2249 2506 2283 2545 o
2318 2485 2493 2563 bone,
2528 2492 2742 2564 posset
2777 2483 2901 2544 suf-

601 2600 810 2673 ficere,
834 2600 994 2678 quod
1023 2601 1154 2661 sive
1191 2600 1373 2661 detur
1407 2600 1541 2662 sive
1577 2621 1697 2660 non
1730 2600 1913 2661 detur
1945 2600 2310 2680 simpliciter
2339 2600 2674 2677 minimum,
2713 2619 2896 2678 quan-

601 2727 965 2795 tamcunque
1001 2728 1205 2778 tamen
1241 2718 1508 2798 accipias
1553 2720 1652 2780 vel
1695 2718 2006 2798 concipias
2049 2728 2316 2798 partem,
2352 2740 2506 2796 quae
2541 2720 2656 2780 tibi
2692 2719 2893 2780 media

467 2827 557 2890 20
599 2835 762 2896 inter
795 2836 1085 2913 aequales
1121 2843 1331 2913 partes
1375 2837 1812 2914 constituatur,
1866 2856 1940 2896 ea
1973 2838 2185 2914 procul
2224 2836 2434 2912 dubio,
2481 2836 2643 2896 sicut
2676 2837 2739 2895 in
2775 2837 2894 2897 De-

602 2951 840 3012 mocriti
877 2972 1021 3011 area
1057 2960 1153 3012 est
1183 2953 1607 3031 conspicuum,
1646 2952 1860 3013 eadem
1895 2972 2013 3012 non
2047 2954 2186 3032 plus
2214 2973 2394 3028 quam
2430 2952 2628 3011 tribus
2664 2950 2891 3012 diame-

599 3066 715 3127 tris
754 3069 1089 3128 communis
1124 3070 1353 3147 poterit
1382 3089 1520 3131 esse
1550 3090 1712 3148 pars,
1749 3066 2257 3146 quemadmodum
2300 3087 2497 3146 neque
2533 3068 2672 3146 plus
2709 3088 2887 3144 quam

600 3204 709 3243 sex
743 3184 936 3244 radiis
971 3185 1321 3262 attingitur,
1356 3193 1418 3245 et
1448 3185 1796 3246 memineris
1831 3185 2120 3246 similium
2143 3184 2561 3261 maximorum,
2595 3183 2888 3243 maiorum

601 3306 664 3358 et
691 3300 1072 3359 minimorum
1109 3301 1368 3362 eandem
1404 3321 1543 3362 esse
1578 3302 1899 3361 rationem.

463 3624 549 3688 25
1512 3631 1817 3700 CAPVT
1875 3634 1995 3700 IV.

901 3803 1119 3843 Centrum
1150 3814 1240 3842 non
1271 3816 1369 3844 esso
1400 3805 1641 3843 terminum
1667 3805 1867 3844 omnium
1900 3804 2123 3845 linearum
2149 3814 2176 3842 a
2199 3804 2582 3844 circumferentia.

774 3957 1050 4022 Interea
1088 3980 1365 4022 sensum
1403 3958 1880 4043 protoplasten
1921 3957 2379 4022 stultitiarum

594 4072 768 4137 Inde
805 4072 964 4137 vide
1004 4081 1353 4156 centrum,
1391 4073 1502 4138 cui
1541 4074 1731 4138 nulla
1770 4081 1873 4137 est
1913 4074 2145 4138 sectile
2180 4081 2403 4160 parte,

590 4191 687 4256 At
725 4190 952 4257 fluxus
992 4215 1227 4257 omnes
1266 4192 1350 4256 de
1386 4214 1560 4278 gyro
1600 4192 1930 4257 terminat
1970 4215 2213 4277 unum,

457 4305 546 4368 30
590 4306 861 4372 Tendat
898 4307 974 4372 in
1012 4308 1424 4373 immensum
1465 4307 1914 4393 quantumvis
1953 4307 2225 4372 fimbria
2267 4306 2515 4393 campi.

1463 4437 2879 4449 -ffissffm———u—-fflss———fl———o

778 4491 803 4538 1
841 4493 1252 4542 terminatione
