3738 5268
1504 511 1593 557 m:
1634 514 1965 559 MENSVRA.
2759 498 2873 556 341

591 667 768 732 Acta
805 669 1134 754 parallela
1173 676 1277 735 est
1315 671 1876 756 quotiescumque
1909 670 1997 736 ad
2032 671 2216 735 latus
2257 670 2431 754 eiuS‚
2876 674 2957 735 1)-
2998 659 3193 722 199

591 783 688 848 Ut
726 782 1144 867 triquetrum
1184 784 1544 850 Cha-ritum
1582 793 1650 850 et
1687 786 2039 851 Hermetis
2080 810 2235 852 cum
2274 786 2678 872 Ganymede

589 900 940 967 Discindit
977 902 1261 969 veniens
1300 904 1537 968 sociali
1575 904 1662 968 ab
1702 903 2027 989 Apolline
2067 903 2398 970 Bacchus.
2826 933 2875 969 ιο

590 1019 781 1083 Haec
819 1020 984 1085 olim
1021 1021 1260 1108 paucis
1299 1022 1532 1087 docuit
1569 1029 1919 1109 praestare
1960 1022 2299 1107 Solymus,

505 1270 534 1283 U

504 1291 545 1331 ο
738 1273 992 1334 Lineam
1015 1274 1532 1335 accommodatam
1552 1274 1968 1353 intelligimu8‚
1994 1276 2234 1353 quando
2257 1277 2335 1336 ad
2360 1277 2554 1336 basim
2578 1274 2873 1352 trianguli

590 1391 887 1468 parallela
914 1392 1285 1470 triangulum
1311 1394 1411 1452 vel
1447 1393 1990 1472 proportionaliter
2018 1403 2250 1454 sectum
2281 1393 2613 1463 concludit,
2642 1401 2706 1452 et
2733 1393 2876 1451 hinc

589 1510 667 1569 ad
726 1510 965 1569 similes
1016 1511 1626 1590 proportionalesque
1684 1510 1910 1588 figuras
1962 1511 2423 1572 constituendas
2489 1518 2735 1571 certave
2779 1531 2874 1568 ra-

591 1627 755 1686 tione
797 1627 1192 1703 adaugendas
1227 1626 1790 1704 imminuendasque
1824 1627 1927 1689 via
1962 1636 2075 1689 est.

1457 2084 1759 2149 CAPVT
1827 2085 2030 2149 XIII.

464 2343 549 2407 10
1624 2358 1860 2402 MOTVS.

713 2549 1011 2600 Triangulum
1041 2559 1152 2588 area
1177 2547 1359 2598 aequali
1387 2547 1596 2588 vai-lanto
1626 2548 1852 2598 deforme,
1886 2551 1932 2589 et
1959 2554 2085 2590 certa
2113 2549 2291 2591 rationo
2320 2551 2475 2590 minuo
2504 2560 2759 2600 augenque.

770 2826 1074 2891 Millenis
1110 2825 1528 2910 triquetrum
1566 2822 1869 2889 numeris
1909 2821 2293 2888 variabitur
2330 2846 2547 2888 unum

593 2946 962 3031 Perpetuo,
1001 2950 1081 3007 ut
1119 2941 1385 3007 cunctis
1425 2941 1758 3006 consistat
1797 2947 1863 3003 et
1903 2963 2059 3004 area
2097 2947 2324 3026 tanta,

592 3063 826 3145 Usque
864 3058 1211 3146 parallelis
1250 3058 1308 3123 si
1346 3056 1785 3122 contineatur
1823 3056 1899 3119 in
1935 3055 2179 3120 iisdem

465 3174 547 3237 15
594 3176 862 3259 Omnis,
904 3184 971 3239 et
1014 3198 1146 3239 una
1183 3174 1367 3239 basis
1407 3173 1644 3237 veniat
1681 3172 2049 3237 substrata.
2089 3172 2451 3257 Daturque

593 3296 812 3380 Inque
850 3291 1198 3380 parallelis
1237 3292 1463 3357 minus
1502 3298 1734 3355 actum
1771 3298 2137 3376 actumque
2177 3291 2501 3377 subinde,
2852 3320 2876 3358 5

596 3414 694 3479 Ut
731 3413 809 3475 fit
847 3418 914 3474 et
953 3418 1154 3475 aucta
1192 3410 1404 3494 basiS‚
1445 3410 1525 3474 fit
1563 3417 1641 3475 ut
1679 3417 2185 3495 extenuataque
2226 3433 2509 3496 semper.

595 3527 676 3593 Id
714 3527 899 3593 valet
939 3528 1012 3593 in
1053 3528 1287 3592 multis
1326 3526 1560 3591 Niclas
1598 3532 1981 3591 monstrare
2020 3524 2281 3609 figuris

757 3788 857 3847 Sic
892 3810 965 3848 ex
996 3787 1500 3847 transmutatione
1535 3785 1977 3861 triangulorum
2018 3784 2078 3842 in
2114 3783 2453 3859 triangulos
2484 3783 2561 3841 ad
2596 3784 2869 3843 rationes

460 3908 551 3969 20
597 3907 1081 3968 different-iarum
1113 3907 1291 3966 unius
1327 3903 1697 3983 polygoniae
1736 3910 1799 3961 et
1833 3901 2086 3961 alterius
2122 3900 2449 3960 cuiuslibet
2482 3900 2879 3977 aequiparan-

596 4026 709 4085 das
772 4033 946 4104 patet
1004 4023 1236 4099 aditUS,
1301 4018 1787 4098 quandoquidem
1844 4017 2210 4096 polygoniae
2263 4018 2415 4076 nulli
2469 4015 2696 4094 speciei
2743 4036 2873 4074 cum

596 4144 790 4203 altera
841 4142 1209 4222 polygoniae
1261 4140 1466 4219 specie
1511 4138 1771 4211 angulus
1824 4143 2034 4214 potest
2092 4134 2315 4211 angulo
2375 4153 2513 4194 esse
2564 4133 2868 4210 aequalis»,

596 4259 755 4322 sicut
787 4279 979 4335 neque
1013 4260 1176 4318 latus
1210 4258 1270 4317 in
1307 4257 1530 4316 circulo
1565 4252 1997 4331 inscriptamm
2028 4251 2208 4311 lateri
2243 4251 2636 4327 coaequabile
2672 4257 2785 4310 est.

601 4441 674 4449 n.-
685 4442 793 4447 -ψ-ῗσ-ο

776 4551 841 4599 23
876 4543 1266 4612 coaequabilis
