3738 5268
1371 526 1459 569 m:
1502 526 1725 570 numm
1767 525 2180 570 Ex1s'rssn‘r1A.
2806 506 2922 566 167

795 681 917 742 Est
953 680 1201 742 dubium
1233 681 1425 742 firmis
1454 680 1532 741 ad
1567 680 1776 741 oculos
1815 677 2258 758 peripateticae
2291 677 2542 737 scholae
2580 674 2924 735 consistens

648 797 929 875 basibus,
966 817 1036 858 ac
1078 797 1563 858 dissimulatione
1605 796 1866 874 quadam
1919 816 2029 874 pro
2079 793 2374 873 principis
2427 792 2778 853 reverentia
2835 812 2925 853 se-

654 915 918 992 pultum,
955 913 1117 991 quod
1147 913 1577 974 resuscitatum
1618 932 1754 973 esse
1799 913 2107 991 cupimus,
2164 909 2240 970 de
2283 909 2543 989 pertica,
2580 908 2752 969 cuius
2792 908 2924 968 lon-

649 1029 864 1107 gitudo
897 1028 962 1089 in
994 1029 1263 1090 infinitas
1297 1028 1625 1090 divisibilis
1681 1037 1777 1091 est
1829 1037 2072 1108 partes,
2124 1035 2186 1087 et
2242 1027 2402 1087 circa
2444 1046 2622 1102 quam
2677 1024 2924 1104 spiralis

557 1144 598 1209 ὃ
650 1145 905 1207 inversa
924 1146 1309 1222 intelligatur
1330 1147 1515 1224 linea,
1540 1166 1695 1223 quae
1730 1146 1807 1207 de
1841 1154 2067 1226 puncto
2092 1145 2141 1205 O
2162 1146 2225 1204 in
2252 1152 2542 1223 punctum
2575 1142 2925 1203 immediate

654 1268 1006 1338 sequentem
1038 1262 1115 1341 D,
1152 1269 1215 1323 et
1247 1262 1326 1323 de
1359 1261 1415 1319 D
1450 1263 1512 1322 in
1544 1263 1621 1340 E,
1654 1260 1742 1323 ita
1776 1282 2019 1339 semper
2047 1260 2434 1340 procedendo
2469 1258 2758 1336 ulterius,
2795 1278 2931 1337 pro-

650 1377 927 1439 ceritatis
966 1378 1384 1455 magnitudine
1439 1389 1503 1438 et
1555 1379 1914 1439 circulorum
1970 1376 2360 1438 multitudine
2416 1383 2788 1438 concrescat.
2830 1376 2928 1433 An

648 1511 768 1551 non
824 1493 983 1552 inter
1037 1492 1325 1554 definitos
1358 1494 1616 1554 termino
1656 1496 1712 1554 A
1754 1501 1816 1554 et
1856 1494 1911 1553 Β
1958 1493 2076 1554 erit
2128 1492 2646 1572 comprehendere
2701 1491 2926 1552 lineam

647 1605 990 1669 infinitam?
1026 1609 1181 1669 Sunt
1235 1609 1456 1669 deinde
1493 1609 1611 1669 duo
1647 1629 1803 1687 quae
1856 1606 2137 1670 referunt
2190 1617 2387 1669 totum
2439 1615 2812 1668 momentum
2865 1615 2929 1668 et

516 1721 599 1785 10
648 1741 859 1784 omnes
886 1744 1112 1785 nervos
1145 1726 1365 1801 quibus
1406 1725 1762 1785 innituntur.

812 1846 847 1893 'ss
893 1841 982 1899 19.
1029 1841 1310 1901 Alterum
1347 1862 1383 1901 a
1424 1841 1662 1901 duobus
1706 1839 1945 1917 aequali
1988 1848 2266 1920 tempore
2302 1841 2502 1917 motis,
2548 1860 2702 1919 quae
2733 1847 2796 1901 et
2829 1859 2928 1899 ae-

651 1954 815 2030 quali
849 1963 1133 2015 constent
1161 1957 1577 2033 magnitudine
1613 1977 1723 2036 per
1755 1956 2009 2034 aequale
2045 1956 2343 2035 spacium,
2381 1956 2576 2016 altero
2608 1954 2794 2034 duplo
2831 1974 2932 2015 ve-

648 2069 869 2130 lociori
903 2090 1082 2146 quam
1114 2072 1438 2150 reliquum,
1485 2074 1626 2149 quia
1668 2073 1952 2133 continue
1999 2078 2164 2133 moto
2219 2071 2337 2132 hoc
2384 2078 2449 2132 et
2482 2072 2589 2131 illo
2625 2070 2704 2130 ad
2758 2090 2932 2148 prae-

649 2184 1011 2246 tereundum
1072 2195 1388 2266 punctum,
1458 2188 1618 2265 quod
1684 2195 1781 2248 est
1838 2187 2219 2247 individuum
2292 2186 2478 2268 (sicut
2540 2205 2652 2264 per
2718 2194 2931 2264 partes

391 2355 418 2375 ,
517 2296 600 2360 15
648 2301 1122 2380 divisibilitatis,
1159 2301 1247 2363 ita
1290 2311 1352 2362 et
1384 2324 1497 2381 per
1537 2311 1816 2379 tempora
1857 2303 2441 2382 praeteribilitatis),
2476 2322 2554 2362 ne
2600 2300 2786 2380 duplo
2831 2320 2929 2361 ve·

648 2419 844 2480 locius
876 2418 1076 2497 ipsum
1104 2419 1426 2488 ,transierit
1464 2427 1688 2496 totum,
1728 2419 1845 2479 alio
1889 2420 2158 2480 tardiore
2213 2420 2293 2479 ad
2348 2419 2480 2479 eius
2533 2418 2926 2480 medietatem

647 2534 1038 2614 retardante,
1094 2535 1299 2613 itaque
1340 2534 1500 2595 sicut
1546 2535 1610 2595 in
1652 2555 1769 2595 uno
1813 2545 2068 2614 puncto,
2105 2536 2193 2596 ita
2226 2536 2289 2595 in
2320 2534 2597 2596 omnibus
2638 2555 2760 2595 non
2796 2554 2932 2594 con·

647 2651 849 2731 tingat
885 2652 1263 2731 differentia,
1301 2672 1420 2730 qua
1453 2653 1632 2716 citius
1669 2654 1855 2734 duplo
1893 2654 2165 2716 velocius
2200 2654 2408 2715 veniat
2441 2653 2503 2713 in
2535 2652 2736 2713 finem.

810 2769 844 2816 ’Π
886 2772 984 2830 32.
1028 2769 1217 2842 Quasi
1252 2769 1449 2830 solum
1485 2790 1559 2830 ex
1600 2780 1777 2850 parte
1813 2771 2025 2845 medii,
2070 2791 2181 2850 per
2214 2770 2373 2848 quod
2431 2770 2532 2832 vel
2587 2790 2774 2849 supra
2813 2790 2931 2847 quo

519 2885 607 2949 20
651 2884 721 2946 fit
761 2894 997 2966 motUS,
1041 2894 1315 2948 sumatur
1355 2887 1513 2947 ratio
1567 2886 1728 2947 tardi
1770 2896 1833 2949 et
1881 2889 2135 2965 velocis,
2192 2908 2311 2947 non
2366 2887 2549 2948 etiam
2593 2906 2669 2946 ex
2704 2887 2933 2947 virtute

650 3001 945 3082 impetuS‚
984 3024 1100 3080 quo
1138 3002 1361 3065 mobile
1398 3003 1474 3064 de
1504 3005 1762 3064 termino
1806 3004 2003 3065 fertur
2043 3004 2106 3064 in
2146 3004 2485 3065 terminum.
2525 3003 2715 3076 Quasi
2749 3003 2934 3063 etiam

653 3118 717 3177 in
753 3118 1210 3180 continuatione
1244 3126 1447 3180 motus
1480 3140 1599 3180 non
1636 3120 1759 3180 sint
1795 3121 1948 3182 certi
1990 3120 2219 3199 gradus
2262 3127 2326 3180 et
2359 3119 2772 3198 differentiae,
2808 3118 2929 3196 qui-

652 3234 769 3293 bus
803 3234 1076 3295 velocius
1106 3234 1336 3311 aliquid
1376 3235 1600 3295 dicitur
1635 3243 1698 3295 et
1731 3236 1993 3313 tardius3
2031 3244 2096 3297 et
2113 3256 2232 3295 non
2267 3236 2410 3296 inde
2444 3236 2722 3314 capiatur
2753 3235 2931 3313 rati0,

651 3368 771 3425 qua
830 3350 999 3411 istud
1040 3350 1225 3429 duplo
1279 3351 1538 3411 celerius
1600 3351 1942 3429 deferatur,
1998 3360 2060 3412 et
2112 3352 2250 3411 ideo
2306 3358 2511 3413 stante
2570 3359 2930 3429 punctorum

517 3462 604 3526 25
653 3467 1237 3543 praetereundorum
1270 3467 1532 3543 ratione,
1591 3468 1645 3527 si
1698 3468 1815 3528 hoc
1865 3467 2169 3546 processit
2195 3488 2342 3545 un0‚
2379 3467 2636 3528 alterum
2696 3468 2933 3529 duobus

656 3581 899 3658 punctis
932 3583 1307 3660 processerit
1337 3590 1597 3661 oportet.

817 3701 851 3746 ’Π
893 3697 1016 3758 Sed
1052 3699 1152 3758 hic
1184 3698 1433 3759 additur
1476 3699 1639 3775 quod
1672 3699 1939 3760 secundo
1962 3699 2097 3759 loco
2130 3708 2646 3777 argumentantur.
2687 3699 2843 3772 Quia
2884 3701 2934 3759 si

662 3822 890 3892 puncta
924 3822 1134 3876 essent
1165 3815 1448 3893 imparia,
1494 3835 1627 3875 cum
1664 3815 1848 3893 duplo
1884 3815 2158 3877 velocius
2191 3817 2481 3877 transivit
2514 3825 2741 3895 puncta
2800 3838 2940 3895 sep·
2979 3792 2986 3797 ,

657 3938 805 4008 tem,
854 3930 1068 3991 eodem
1104 3938 1381 4010 tempore
1423 3931 1660 3991 tardius
1720 3938 1967 4010 oportet
2019 3934 2319 3994 transisse
2365 3933 2463 3994 vel
2517 3934 2636 3992 tria
2697 3942 2935 3994 tantum

524 4049 613 4113 30
662 4044 761 4103 vel
813 4053 1104 4123 quatuor3
1151 4055 1213 4107 et
1254 4055 1399 4106 tunc
1443 4046 1702 4108 alterum
1758 4054 1925 4107 esset
1960 4047 2095 4125 plus
2132 4049 2233 4109 vel
2286 4049 2481 4109 minus
2528 4069 2706 4124 quam
2749 4050 2938 4129 duplo

658 4161 959 4241 velocius,
1000 4163 1162 4239 quod
1196 4182 1317 4222 non
1355 4163 1838 4241 supponebatur;
1895 4163 1995 4223 vel
2046 4164 2164 4224 tria
2201 4186 2333 4225 cum
2379 4165 2659 4243 dimidie,
2698 4173 2760 4227 et
2794 4174 2936 4227 tunc

658 4286 945 4359 punctum
988 4286 1153 4340 esset
1204 4276 1545 4355 dividuum,
1606 4279 1775 4339 cuius
1831 4280 2200 4340 contrarium
2252 4282 2498 4360 ponitur
2553 4283 2629 4342 ab
2683 4290 2939 4359 utraque

658 4397 1027 4474 opinantium
1063 4403 1255 4475 parte.

846 4531 878 4579 6
908 4531 1285 4596 procedendO,
1318 4530 1565 4580 ulterius
1692 4530 1754 4580 13
1787 4532 2020 4581 cotinue

2345 4507 2934 4516 -————.—--—-
