3738 5268
855 486 933 546 22
1728 500 2011 547 mamm
2052 500 2257 547 anm

854 678 1141 761 oportet.
1180 674 1244 738 4.
1286 672 1482 739 Siout
1518 675 1751 741 unitas
1796 682 1902 741 est
1948 676 2339 742 substantia
2385 674 2658 741 numeri
2703 680 2775 739 et
2831 672 3129 740 essentia

853 800 1101 885 omniS,
1144 800 1244 866 ita
1299 808 1370 867 et
1433 801 1797 867 minimum
1850 809 2004 868 tum
2062 803 2517 890 geometricae
2583 808 2736 869 tum
2803 800 3132 890 physicae

855 927 1287 1013 quantitatis.
1335 928 1395 991 5.
1444 928 1819 999 Minimum
1860 928 2116 1016 duplex
2161 931 2235 996 in
2281 929 2411 996 1100
2468 929 2824 1017 proposito
2871 927 3129 993 intelli-

851 1053 1115 1138 gimus:
1156 1053 1449 1118 alterum
1486 1053 1563 1117 in
1598 1053 1806 1139 plano
1840 1054 2025 1140 quod
2059 1062 2159 1120 est
2190 1063 2547 1142 punctum,
2587 1056 2885 1121 alterum
2923 1053 3000 1118 in
3032 1075 3135 1119 so-

765 1176 806 1239 5
850 1176 992 1242 lido
1041 1176 1224 1264 quod
1262 1184 1365 1243 est
1403 1184 1691 1245 atomus.
1741 1180 1800 1244 6.
1840 1180 2150 1245 Functus
2201 1180 2319 1265 qui
2367 1186 2469 1246 est
2515 1180 2857 1245 terminus
2907 1199 3132 1263 neque

858 1307 1224 1388 quantum,
1255 1324 1479 1389 neque
1516 1302 1745 1370 minus
1775 1303 2036 1388 aliqu0‚
2062 1326 2285 1390 neque
2309 1305 2676 1370 minimum
2707 1311 2837 1389 est,
2872 1309 2941 1370 et
2965 1311 3133 1370 tuno

857 1426 1350 1514 distinguimus
1408 1452 1450 1495 a
1495 1436 1754 1517 puncto
1803 1431 1987 1516 quod
2033 1437 2138 1496 est
2183 1430 2470 1497 minima
2516 1453 2703 1518 pars,
2752 1429 2917 1496 dum
2977 1451 3132 1495 eum

856 1551 977 1617 illo
1016 1553 1341 1619 convenit
1377 1554 1452 1618 in
1497 1576 1575 1620 eo
1617 1555 1798 1640 quod
1834 1556 2148 1622 neutrius
2188 1556 2422 1641 aliqua
2467 1578 2629 1643 pars
2676 1561 2799 1622 est.
2838 1554 3133 1621 Atomus

852 1701 1014 1745 vero
1046 1702 1188 1746 non
1225 1686 1454 1768 potest
1492 1704 1635 1747 esse
1672 1682 2010 1749 terminus
2048 1683 2149 1748 ita
2186 1689 2265 1748 ut
2303 1682 2540 1748 eadem
2585 1704 2727 1748 non
2768 1682 2859 1748 sit
2897 1687 2966 1747 et
3014 1680 3136 1745 mi-

725 1808 811 1871 lO
853 1806 1044 1872 nima
1098 1829 1277 1893 pars.
1337 1809 1397 1873 7.
1444 1807 1814 1874 Minimum
1883 1808 2066 1893 quod
2112 1814 2216 1874 est
2270 1816 2611 1895 punctum
2666 1814 2771 1874 est
2818 1807 3133 1874 circulus.

856 1937 1228 2004 Minimum
1275 1938 1459 2036 quod
1504 1944 1606 2003 est
1653 1945 1924 2004 atomus
1962 1943 2065 2004 est
2103 1936 2410 2024 sphaera.
2449 1939 2512 2001 8.
2553 1937 2754 2002 Oiroa
2799 1935 2970 2002 haec
3015 1935 3139 2007 mi-

855 2061 1072 2147 nima,
1112 2062 1235 2128 ubi
1265 2062 1419 2129 aliis
1457 2068 1904 2149 apponuntur
1922 2068 1994 2128 et
2013 2044 2617 2150 oomlpositionem
2665 2062 3126 2148 constituunt,
3177 2074 3235 2137 b
3270 2075 3378 2138 ὃν

855 2195 1260 2261 utvaeuum
1295 2187 1503 2275 pleno
1534 2187 2002 2272 interiectum,
2035 2188 2230 2254 iuxta
2262 2189 2708 2275 antiquorum
2739 2188 3132 2276 sapientum

855 2313 1132 2400 dogma,
1193 2312 1647 2398 intelligimus
1709 2312 1999 2379 minima
2060 2313 2135 2379 in
2188 2336 2440 2400 genere
2499 2314 2719 2397 vacui,
2789 2314 2865 2378 in
2922 2313 3132 2401 plano

726 2440 809 2505 15
857 2438 1135 2525 quidem
1193 2439 1381 2505 intra
1427 2438 1898 2507 convexitates
1941 2439 2502 2526 contingentium
2549 2440 2962 2506 circulorum
3009 2439 3132 2504 tri-

851 2587 1061 2653 gona,
1101 2564 1178 2630 in
1208 2563 1443 2631 solido·
1463 2587 1626 2631 vero
1659 2565 1845 2631 intra
1878 2565 2347 2633 convexitates
2379 2564 2826 2654 sphaerarum
2863 2564 3134 2631 eontin-

852 2690 1169 2777 gentium
1214 2691 1625 2779 pyramides,
1660 2693 1720 2758 9.
1754 2692 2047 2758 Minima
2085 2714 2246 2778 ergo
2283 2691 2507 2778 figura
2546 2698 2650 2759 est
2696 2690 3024 2776 circulus,
3059 2695 3129 2755 et

853 2819 1222 2885 minimum
1268 2841 1514 2905 eorpus
1561 2824 1665 2884 est
1711 2818 2000 2906 sphaera
2047 2819 2454 2906 simpliciter
2500 2824 2570 2884 et
2632 2816 2973 2900 absolute,
3039 2839 3138 2881 se-

855 2943 1079 3011 eundo
1138 2966 1301 3010 vero
1348 2950 1418 3009 et
1464 2947 1960 3030 consequenter
2002 2943 2312 3030 pyramis
2359 2949 2522 3010 sunt
2569 2948 2778 3028 atque
2823 2940 3135 3025 triangu-

721 3074 809 3138 20
853 3070 978 3136 lus.
1018 3069 1400 3136 Maximum
1436 3091 1599 3136 vero
1636 3071 2004 3156 planorum
2042 3068 2363 3154 circuluS,
2403 3067 2782 3134 maximum
2821 3065 3130 3134 omnium

857 3194 1232 3261 solidorum
1306 3193 1610 3282 sphaera.
1675 3197 1777 3260 10.
1854 3193 2220 3259 Infinitum
2288 3195 2585 3260 maxime
2658 3195 2968 3260 omnium
3034 3178 3138 3259 est

856 3318 1314 3408 sphaericum,
1353 3318 1563 3386 immo
1612 3326 1715 3385 est
1759 3341 1884 3406 per
1931 3342 2001 3384 se
2047 3318 2394 3406 ipsissima
2441 3319 2757 3406 sphaera;
2823 3316 3137 3383 intermi-

854 3452 1019 3512 nata
1058 3447 1312 3534 quippe
1350 3446 1741 3534 superficies
1780 3446 2076 3511 circulus
2115 3451 2218 3511 est
2254 3445 2687 3530 verissimUS‚
2737 3443 3142 3511 intermina-

854 3578 1005 3638 tum
1042 3593 1205 3639 vero
1236 3593 1512 3660 eorpuS‚
1562 3572 1706 3638 sive
1753 3572 1845 3637 sit
1893 3576 1996 3655 (ut
2043 3570 2407 3654 oredimus)
2468 3571 2615 3638 sive
2670 3579 3130 3659 supponatur,

724 3700 810 3766 25
858 3697 1236 3764 necessario
1275 3703 1378 3762 est
1414 3697 1704 3784 sphaera
1741 3704 1811 3763 et
1847 3719 2083 3763 veram
2122 3695 2447 3782 sphaerae
2479 3695 2951 3762 definitionem
2992 3719 3141 3763 sus-

861 3823 1049 3911 cipit.
1109 3825 1210 3889 11.
1260 3823 1629 3889 Geometra
1675 3829 1745 3888 et
1791 3822 2118 3910 physicus
2166 3822 2308 3907 ille,
2374 3821 2491 3907 qui
2549 3822 2916 3889 minimum
2985 3823 3136 3889 dari

861 3975 1003 4018 non
1050 3952 1383 4038 intelligit
1438 3958 1508 4018 et
1546 3951 1924 4018 maximum
1964 3973 2043 4016 ea
2099 3972 2234 4037 qua
2285 3956 2388 4014 est
2442 3956 2813 4035 utrumque
2845 3950 3135 4038 ratione,

863 4102 1017 4145 oum
1064 4078 1212 4145 sine
1259 4100 1579 4144 mensura
1625 4077 1954 4143 metiatur
2009 4096 2299 4162 semper,
2359 4075 2741 4142 necessario
2803 4075 3139 4145 mentitur

860 4206 1137 4292 ubique.
1181 4207 1282 4273 12.
1322 4205 1529 4270 Errat
1566 4205 1744 4271 ratio
1792 4226 1949 4270 eum
1995 4203 2071 4268 in
2117 4202 2471 4268 infinitum
2517 4202 2920 4270 resolvendo
2968 4203 3135 4270 abit.

729 4338 818 4404 30
860 4334 1065 4401 Certe
1101 4334 1286 4400 enim
1322 4340 1644 4399 naturam
1682 4354 1825 4399 non
1861 4331 2323 4419 persequitur,
2372 4353 2498 4395 1100
2545 4330 2697 4396 ideo
2746 4330 2978 4400 credat
3025 4352 3140 4395 na-

862 4468 1090 4528 turam
1159 4459 1529 4545 attingere‚
1596 4480 1974 4543 exaequare
2043 4458 2153 4522 vel
2204 4456 2672 4542 praetergredi
2732 4455 3132 4541 dividendo,

642 4903 1113 5112 ...Ὗ-Ι
