3738 5268
1510 548 1600 592 nn
1642 547 1974 593 MENSVRA.
2767 536 2884 594 343

601 705 954 792 Respicite
992 704 1385 792 oppositum
1423 703 1871 789 triquetrum,
1912 705 2106 770 cuius
2146 705 2348 772 datus
2387 706 2503 771 illc
2882 713 2963 774 1)-
3004 697 3199 760 201

601 821 895 890 Telluris
931 829 1230 910 punctus
1267 820 1520 887 Ioviali
1559 822 1747 887 sistit
1783 821 1859 886 in
1899 823 2128 907 anglo.

600 939 704 1003 Ac
740 947 1036 1025 punctus
1074 938 1338 1003 medius
1374 937 1611 1004 lateris
1651 939 1784 1020 (10)
1825 937 2128 1003 medium
2167 937 2239 1002 in
2277 939 2461 1004 latus
2501 938 2635 1026 ipsi

603 1054 1016 1142 Oppositum
1054 1056 1191 1138 (11)
1229 1053 1414 1118 dicta
1451 1055 1686 1140 lapsus
1723 1053 1993 1119 ratione
2030 1053 2336 1137 videtur;
2839 1082 2889 1121 15

513 1168 555 1231 ὃ
603 1171 804 1238 Unde
841 1178 910 1236 et
946 1171 1389 1256 consequitur
1426 1170 1745 1236 scindens
1783 1169 2082 1236 Telluris
2122 1171 2210 1236 ab
2249 1171 2457 1256 anglo

602 1288 735 1352 Per
771 1286 1100 1372 medium,
1141 1293 1349 1372 atque
1388 1287 1579 1374 operi
1618 1286 1906 1352 dubium
1945 1308 2086 1352 non
2124 1286 2470 1372 linquitur
2506 1287 2744 1353 ullum.

605 1403 816 1470 Liber
851 1403 985 1468 eris
1023 1426 1227 1469 sensu
1265 1404 1321 1468 si
1363 1403 1468 1469 vis
1506 1410 1890 1469 monstrare
1925 1402 2234 1469 Periclis,

765 1662 865 1722 Ibi
918 1668 948 1722 1
996 1662 1176 1723 datus
1231 1674 1491 1743 punctus
1532 1665 1746 1725 lateris
1794 1674 1894 1726 est
1937 1666 2017 1743 T,
2062 1667 2100 1723 2
2152 1665 2518 1742 triquetrum
2568 1672 2665 1725 est
2711 1665 2888 1742 FHI,

610 1782 647 1838 3
681 1780 981 1840 bisectum
1013 1782 1223 1858 puncti
1268 1781 1398 1840 dati
1437 1783 1599 1842 latus
1640 1782 1726 1841 IF
1769 1782 1831 1840 in
1876 1790 2102 1861 puncto
2140 1782 2223 1859 G,
2267 1785 2305 1840 4
2348 1783 2609 1858 angulus
2652 1782 2895 1860 opposi-

477 1897 561 1960 lO
603 1907 705 1958 tus
741 1899 825 1976 H,
873 1903 910 1958 5
937 1897 1073 1958 fluit
1106 1899 1168 1958 in
1206 1900 1285 1977 T,
1320 1905 1358 1957 (5
1393 1898 1591 1959 fluxus
1619 1899 1711 1958 illi
1743 1898 2164 1976 aequidistans
2200 1901 2352 1977 GX,
2394 1902 2428 1959 7
2464 1900 2664 1959 fluxus
2700 1900 2776 1959 de
2799 1919 2892 1959 re-

608 2014 775 2091 liquo
800 2026 1023 2094 puncto
1041 2015 1116 2094 G,
1147 2019 1186 2076 8
1213 2017 1277 2075 in
1310 2017 1492 2075 finem
1524 2014 1722 2076 fluxus
1753 2017 1835 2092 X,
1866 2017 1905 2075 9
1927 2024 2190 2093 punctus
2215 2016 2397 2076 datus
2421 2017 2489 2094 T,
2524 2020 2597 2075 10
2630 2024 2891 2094 punctus

614 2131 850 2192 medius
884 2134 1097 2194 lateris
1132 2135 1216 2212 G,
1256 2138 1325 2193 11
1362 2135 1524 2193 latus
1560 2134 1911 2213 oppositum
1943 2134 2075 2194 HF.

1489 2546 1796 2612 CAPVT
1861 2547 2017 2611 XV.

1626 2814 1887 2861 STATVS.

484 2982 564 3045 15
1150 2995 1452 3046 Triangulum
1483 2995 1729 3043 quemlibet
1756 2996 1814 3035 ad
1841 2995 2161 3045 orthogonium
2192 2995 2374 3037 reduco.

790 3242 874 3305 In
911 3241 1328 3326 triquetrum
1365 3248 1590 3305 rectus
1630 3240 1741 3305 cui
1779 3242 2077 3325 angulus
2116 3264 2149 3304 e
2191 3242 2417 3305 tribus
2456 3265 2633 3306 unus

612 3359 938 3424 Vertctur
973 3358 1244 3443 generis
1284 3358 1698 3443 quicumque
1736 3357 2075 3423 habeatur
2112 3358 2318 3441 alme,

615 3478 712 3543 Ut
749 3475 1167 3560 triquetrum
1206 3475 1390 3540 Iovis
1428 3476 1902 3561 Erigoncsque
1934 3482 2002 3539 et
2041 3475 2418 3562 Apollinis,
2460 3476 2645 3570 intra

614 3592 1179 3677 Aequidistantes
1217 3592 1528 3678 geminas
1567 3615 2047 3678 comprensum
2086 3594 2204 3658 ubi
2246 3602 2548 3677 constat,

481 3710 568 3771 20
614 3709 771 3773 Iure
797 3731 1092 3792 aequum
1116 3715 1219 3773 est
1238 3708 1596 3792 triquetro,
1623 3731 1828 3792 quem
1853 3709 2107 3774 conflat
2133 3709 2384 3796 Apollo
2411 3709 2788 3796 Charisque
2872 3740 2896 3777 r,

614 3827 790 3892 Cum
827 3827 1009 3893 Iove.
1053 3826 1250 3904 Quod
1286 3825 1521 3891 Niclas
1559 3825 1801 3890 itidem
1838 3826 2071 3912 palam
2110 3826 2513 3892 insinuabit.

775 4118 1216 4178 Parallelarum
1245 4126 1307 4178 et
1342 4117 1501 4177 intra
1533 4118 1783 4178 easdem
1809 4118 2143 4196 parallelas
2174 4118 2531 4196 angulorum
2566 4128 2630 4177 et
2656 4118 2892 4177 basium

617 4235 772 4294 ratio
809 4235 885 4294 ad
921 4236 1058 4311 plus
1093 4255 1271 4311 quam
1300 4235 1691 4295 medietatem
1727 4256 1960 4311 corum,
1998 4236 2242 4311 quaein
2271 4236 2645 4312 geometrice
2680 4235 2893 4312 figuris

617 4351 1069 4411 contrectandis
1104 4362 1269 4425 sunt,
1303 4352 1729 4411 miraculorum
1765 4352 2043 4412 conferre
2080 4352 2481 4410 existimatur.

801 4590 862 4641 24
895 4587 1303 4640 existimantur
