3738 5268
864 512 985 571 330
1474 523 1756 569 1011οΑ111
1794 523 2001 569 imvm
2042 524 2131 567 DE
2171 524 2440 586 nmmo,
2485 524 2545 567 v,

857 683 1020 770 Ipsa
1058 688 1289 746 autem
1327 681 1403 745 in
1440 679 1703 746 nullam
1742 702 1864 745 0011
1900 686 2169 767 partem
2206 679 2680 767 posteriorem.

858 795 1340 884 Principiique
1376 795 1562 861 vices
1601 796 2108 882 plectentisque
2147 797 2379 861 omnia
2417 817 2703 862 consors
3152 811 3234 872 p.
3267 796 3469 860 189

859 913 1033 979 Cum
1072 912 1265 998 cyclo
1304 912 1556 999 recipit
1596 910 2093 998 comprendens
2131 911 2474 976 maximus
2515 911 2744 995 illum,

859 1029 1078 1115 Inque
1116 1029 1237 1094 illo
1276 1029 1644 1094 minimum
1684 1051 2162 1115 comprensum
2201 1051 2359 1094 cum
2397 1028 2526 1092 siet
2568 1050 2769 1093 unus,
3098 1053 3147 1095 15

770 1147 810 1211 5
859 1143 1182 1232 Cuspidis
1220 1152 1298 1210 ut
1336 1143 1595 1232 species
1633 1144 1951 1230 geminae
1989 1144 2325 1231 producta
2362 1144 2615 1208 liturae

857 1261 1211 1327 Concursu
1251 1260 1557 1345 emicuit,
1597 1283 1738 1326 non
1776 1262 1918 1326 ulla
1958 1268 2061 1326 est
2100 1261 2369 1326 reddita
2406 1261 2672 1345 forma,

763 1441 768 1444 .
854 1378 1092 1444 Tertia
1133 1402 1337 1464 quam
1375 1379 1633 1465 promit
1671 1378 2038 1444 succedens
2068 1378 2252 1444 linea
2284 1378 2605 1466 primum.

855 1495 965 1559 Ex
1003 1494 1347 1581 triquetro
1387 1495 1832 1580 triquetrum,
1873 1495 1955 1559 de
1995 1517 2127 1580 quo
2167 1518 2493 1582 responsa
2536 1495 2883 1560 dabantur

854 1611 1217 1698 Delphica,
1255 1634 1378 1678 vas
1415 1610 1680 1678 factum
1718 1611 1905 1676 fama
1944 1619 2072 1694 est,
2106 1611 2227 1678 ubi
2265 1611 2661 1678 Phoebades
2702 1612 2869 1677 olim
3090 1643 3144 1683 20

723 1729 809 1792 10
853 1727 1226 1794 Immersae
1262 1727 1645 1793 hauserunt
1683 1728 1906 1793 divini
1948 1729 2129 1794 dona
2168 1727 2449 1813 furoriS,

851 1840 1182 1910 Cortinae
1220 1845 1405 1910 corio
1445 1843 1722 1911 fuerant
1762 1844 2101 1930 Pythonis
2138 1845 2397 1910 ibidem

854 1960 1165 2024 Intectae
1201 1958 1324 2025 has
1361 1959 1701 2043 triquetra
1739 1982 2015 2025 mensae
2052 1959 2396 2026 formante
2434 1961 2690 2046 figura,

852 2077 999 2142 Aut
1038 2077 1243 2142 sellae
1282 2076 1410 2142 hac
1429 2076 1598 2163 jpsa
1637 2078 1901 2164 pariter
1940 2079 2199 2144 virtute
2238 2079 2556 2145 celebres.

856 2191 972 2257 Sic
1009 2198 1114 2257 est
1152 2191 1236 2257 (10
1275 2192 1610 2279 triquetro
1645 2194 1942 2258 mensori
1981 2217 2174 2258 mens
2213 2194 2404 2277 data,
2442 2195 2676 2280 sicque
3089 2225 3142 2264 25

724 2309 805 2373 15
853 2306 1231 2396 Comparat
1268 2308 1626 2394 obliquum
1666 2315 1851 2374 recto
1893 2309 2239 2375 mediante
2278 2311 2574 2397 trigono.

1619 2553 1826 2600 SCALA
1871 2554 2397 2602 COMPRENSIONIS

849 4168 1034 4254 Ergo
1074 4191 1311 4234 monas
1351 4179 1535 4237 recto
1574 4182 1941 4260 postquam
1982 4175 2147 4242 data
2183 4179 2424 4264 regula
2464 4180 2681 4262 fluxu,
3131 4188 3214 4249 Ρ·
3253 4172 3451 4235 190

850 4284 952 4349 Ac
992 4284 1262 4351 diadem
1300 4289 1617 4374 geminus
1654 4300 1993 4377 punctum
2033 4294 2391 4361 confluxus
2425 4296 2499 4359 in
2536 4319 2751 4360 unum

1039 4532 1099 4581 16
1133 4548 1338 4583 sonatan
