3738 5268
1247 503 1882 550 conranvna'monss
1921 505 2010 548 nx
2052 505 2314 550 mmmm.
2806 491 2925 551 207

637 683 756 722 non
792 668 992 722 autem
1018 661 1273 739 physice
1294 659 1598 720 hominem
1632 657 1861 719 homini
1890 657 2200 735 conferre,
2238 659 2409 719 cuius
2445 659 2626 738 plane
2663 657 2926 736 longitu-

635 779 840 839 dinem
893 778 956 836 in
1004 775 1551 837 innumerabilibus
1584 775 1766 837 lineis
1800 776 2239 836 consistentem
2293 793 2600 852 agnoscas
2645 782 2918 851 oportet,

636 895 713 955 iis
755 894 999 970 inquam
1035 893 1247 969 quales
1281 912 1352 952 ac
1394 899 1654 969 quantas
1695 891 2016 968 sigillatim
2060 910 2181 951 non
2220 898 2317 951 est
2348 890 2645 969 possibile
2681 890 2922 950 omnino

637 1030 775 1073 esse
808 1031 945 1073 cum
975 1008 1518 1069 innumerabilibus
1552 1009 1689 1069 aliis
1724 1007 2185 1069 concordantes,

549 1119 590 1180 5
796 1141 830 1188 Ὶῐ
873 1130 969 1187 51.
1012 1125 1374 1202 Aequalitas
1411 1132 1508 1185 est
1549 1124 1610 1183 in
1654 1125 1729 1184 iis
1768 1144 1919 1200 quae
1974 1144 2219 1203 semper
2268 1130 2552 1199 manent3
2599 1122 2918 1182 mutabilia
2962 1137 3043 1198 p.
3080 1120 3220 1185 ‘72

643 1264 787 1305 vero
823 1262 1068 1322 semper
1102 1249 1230 1302 tum
1262 1242 1383 1302 sibi
1425 1240 1505 1301 ad
1540 1239 1685 1318 du0,
1724 1248 1852 1300 tum
1897 1240 2036 1301 aliis
2078 1240 2157 1300 ad
2205 1240 2406 1300 omnia
2451 1238 2745 1300 instantia
2784 1244 2929 1298 sunt

638 1361 864 1438 iniqua.

797 1481 830 1528 ἹΙ
870 1477 965 1536 66.
1009 1476 1084 1536 In
1122 1475 1391 1535 numeris
1428 1474 1763 1535 secundum
1797 1474 2069 1553 speciem
2102 1474 2249 1534 licet
2290 1472 2472 1533 detur
2515 1473 2674 1534 alter
2730 1474 2925 1533 altero

639 1594 831 1655 maior
866 1602 1050 1668 atque
1090 1592 1314 1668 minor,
1369 1591 1604 1651 numeri
1656 1599 1861 1652 tamen
1914 1592 2154 1670 species
2206 1591 2385 1652 alteri
2419 1592 2653 1651 numeri
2696 1590 2929 1669 speciei

513 1704 598 1769 lO
639 1728 935 1786 nusquam
990 1707 1263 1785 aequalis
1297 1707 1659 1768 invenietur.
1696 1707 1972 1767 Proinde
2015 1708 2176 1768 sicut
2218 1727 2427 1767 rerum
2471 1726 2701 1784 genera
2744 1715 2927 1782 atque

643 1825 883 1903 species
905 1823 1237 1885 secundum
1261 1820 1558 1883 eiusmodi
1584 1822 1813 1901 gradus
1845 1823 2322 1903 distinguuntur,
2352 1824 2441 1882 ita
2475 1831 2538 1883 et
2570 1823 2633 1882 in
2668 1822 2928 1899 singulis

642 1941 967 2020 speciebus
1030 1938 1347 1999 individua
1407 1938 1740 1999 secundum
1800 1940 2144 2001 variantem
2191 1938 2450 2016 gradum
2512 1937 2920 1998 inveniuntur.

642 2056 822 2117 Unde
867 2064 929 2117 et
971 2054 1034 2115 in
1069 2054 1332 2115 humana
1375 2055 1581 2134 specie
1616 2056 1880 2114 omnium
1924 2054 2270 2115 animalium
2327 2053 2567 2133 species
2619 2053 2929 2132 perspica-

643 2172 840 2233 ciores
863 2172 940 2232 ob
966 2171 1176 2232 oculos
1208 2170 1577 2248 referuntur,
1620 2169 1778 2247 quod
1812 2190 1935 2231 non
1969 2191 2147 2232 secus
2180 2172 2241 2231 in
2275 2170 2413 2230 aliis
2443 2170 2748 2247 omnibuS,
2784 2169 2928 2229 licet

517 2280 599 2341 15
646 2289 963 2361 latentius,
997 2288 1325 2367 speciebus
1369 2308 1506 2348 esse
1556 2288 2049 2349 existimandum.
2088 2288 2173 2348 Ut
2206 2289 2266 2348 in
2322 2287 2541 2363 equina
2590 2285 2796 2365 specie
2830 2293 2929 2346 est

642 2415 707 2465 et
769 2404 1105 2464 similitudo
1167 2403 1463 2481 hominis,
1533 2404 1747 2481 bovis,
1813 2403 2012 2481 caniS,
2069 2402 2256 2480 asini,
2317 2402 2567 2478 simiae,
2627 2402 2798 2477 ovis;
2866 2402 2927 2460 in

642 2520 871 2600 plantis
908 2520 985 2578 ad
1029 2519 1181 2580 haec
1223 2520 1518 2580 latentior
1561 2520 1902 2599 appositio;
1945 2520 2032 2579 ibi
2076 2521 2240 2599 plus,
2288 2519 2373 2579 ibi
2409 2520 2632 2596 minus,
2676 2518 2760 2577 ibi
2788 2517 2927 2577 sim-

641 2637 911 2716 pliciter,
959 2636 1048 2697 ibi
1101 2638 1469 2716 composite,
1532 2637 1795 2715 qualiter
1857 2637 2239 2698 diversarum
2289 2636 2773 2716 complexionum
2820 2655 2927 2695 nu-

643 2754 827 2816 meris
907 2765 1090 2832 atque
1158 2755 1453 2832 gradibus
1531 2758 1659 2836 (qui
1727 2777 2052 2833 numquam
2116 2777 2250 2816 cum
2316 2755 2569 2816 alterius
2628 2753 2927 2833 gradibus

508 2874 598 2937 20
643 2871 883 2932 omnino
949 2871 1340 2952 conveniant)
1400 2871 1693 2933 advenire
1754 2880 2018 2952 oportet.
2071 2873 2153 2933 Et
2205 2872 2389 2952 plane
2447 2869 2922 2932 insensatissimi

641 2989 862 3068 capitis
918 2996 1015 3053 est
1067 2996 1283 3068 putare
1331 2989 1421 3048 ita
1472 2997 1750 3050 naturam
1805 3010 2194 3050 numerorum
2244 2989 2474 3050 habere
2539 2986 2923 3048 differentias

642 3104 803 3164 sicut
836 3113 899 3164 et
932 3124 1068 3180 nos3
1107 3106 1220 3165 sub
1266 3105 1518 3184 imparis
1562 3106 1853 3166 videlicet
1882 3115 2064 3184 atque
2093 3106 2281 3184 paris,
2315 3104 2636 3184 impariter
2677 3104 2930 3182 pariter-

643 3240 759 3295 que
788 3219 987 3300 pariS,
1025 3241 1062 3280 a
1107 3219 1337 3281 decade
1381 3222 1460 3280 ad
1503 3221 1779 3299 decadiS,
1818 3244 1854 3282 a
1891 3222 2164 3283 centuria
2216 3222 2294 3283 ad
2347 3221 2657 3282 centuriae
2712 3219 2930 3299 princi-

643 3338 811 3416 pium
842 3339 1212 3416 recedendo,
1250 3339 1348 3401 vel
1384 3340 1524 3402 aliis
1557 3341 1810 3402 huiusce
1840 3341 2086 3419 generis
2127 3340 2469 3401 rationibus
2505 3338 2921 3419 procedendo;

510 3451 598 3516 25
647 3460 816 3519 Deos
859 3459 1022 3536 item,
1067 3457 1395 3520 daemones
1440 3468 1503 3520 et
1543 3479 1953 3536 quaecumque
1991 3460 2315 3520 rationalia
2344 3459 2559 3520 eadem
2612 3457 2927 3520 discursus

646 3577 806 3638 serie
860 3578 937 3638 de
993 3578 1371 3638 obiectorum
1424 3579 1692 3639 numeris
1747 3587 1931 3656 atque
1983 3581 2286 3640 mensuris
2331 3578 2620 3655 definire,
2667 3579 2769 3639 vel
2814 3580 2951 3652 sub,

644 3698 875 3759 eisdem
918 3699 1187 3760 iustitiae
1233 3706 1297 3760 et
1330 3698 1686 3776 iniustitiae,
1724 3699 2055 3774 aequitatis
2099 3710 2157 3760 et
2200 3697 2538 3775 iniquitatis
2574 3696 2931 3758 conditioni-

641 3816 756 3877 bus
791 3816 1079 3894 militare,
1106 3818 1377 3896 pectoris
1398 3817 1681 3877 nimirum
1703 3817 1834 3879 sine
1861 3819 2063 3897 capite
2088 3826 2184 3878 est
2206 3836 2501 3878 asserere.
2534 3815 2928 3896 Sapientibus

643 3932 801 3992 enim
824 3933 977 3993 illud
1001 3935 1409 3996 certissimum
1435 3955 1574 3996 esse
1599 3935 1799 4008 debet,
1821 3937 1985 4014 quod
2010 3946 2136 3996 tum
2161 3936 2543 3997 numeri-tum
2568 3938 2927 3998 numerandi
2968 3949 2975 3955 ’

511 4060 600 4123 30
644 4055 917 4115 rationes
960 4055 1047 4114 ita
1099 4063 1242 4116 sunt
1277 4054 1534 4133 diversi,
1572 4055 1732 4115 sicut
1766 4067 1832 4116 et
1865 4055 2311 4116 numerantium
2356 4054 2566 4132 digiti,
2620 4056 2823 4134 capita
2864 4065 2929 4118 et

643 4172 1047 4233 intentionum
1096 4173 1364 4233 conditio
1410 4193 1531 4234 non
1585 4181 1682 4234 est
1730 4173 1963 4234 eadem.
2000 4173 2094 4232 Ea
2126 4172 2316 4251 igitur
2357 4191 2509 4248 quae
2553 4172 2632 4232 ad
2672 4182 2928 4236 naturae

649 4293 1094 4370 omniparentis
1128 4312 1411 4352 numeros
1443 4293 1836 4367 conveniunt,
1873 4294 1952 4352 ad
1987 4302 2234 4354 nostros
2268 4312 2385 4352 non
2427 4314 2709 4370 umquam
2762 4295 2930 4373 pote-

833 4533 892 4582 15
926 4530 1245 4597 esse]sorse
1274 4537 1363 4581 est
1487 4532 1550 4580 22
1582 4548 1655 4596 sq.
1685 4531 1760 4582 sic
