3738 5268
1227 470 1854 551 stoN'rEMP112sT10NEs
1898 505 1984 549 Ex
2029 506 2272 551 MINIMO
2282 537 2294 550 .

620 662 968 748 Perpetuo
1006 658 1407 740 abscissum;
1436 658 1598 743 quia
1635 681 1777 724 non
1817 658 2002 726 valet
2038 660 2187 748 ipse
2223 662 2520 727 rotunda

619 778 854 863 Usque
893 775 1060 842 adeo
1099 775 1322 863 specie
1361 798 1634 842 sensum
1670 776 1957 841 fallente
1994 776 2247 860 videri,

619 895 723 960 Ne
763 900 972 980 queat
1009 916 1091 958 ex
1129 900 1387 981 puncto
1427 892 1812 958 subiectum
1850 892 2109 959 findere
2148 917 2396 982 corpus

623 1010 973 1095 Quolibet,
1015 1010 1284 1077 occulta
1323 1009 1580 1074 circum
1615 1008 1920 1093 undique
1959 1009 2238 1096 cuspide
2273 1010 2568 1096 pollenS,

531 1136 572 1198 ὃ
623 1127 952 1206 Quamvis
989 1127 1374 1215 implicitus
1412 1126 1504 1192 sit
1542 1125 1762 1192 circus
1801 1148 2085 1212 corpore
2116 1126 2191 1190 in
2229 1126 2449 1209 omni,

618 1246 717 1311 Ut
755 1244 984 1309 minus
1023 1255 1125 1309 est
1163 1242 1379 1308 nihilo
1418 1241 1756 1329 implicita
1795 1241 2019 1307 omnis
2057 1242 2314 1327 ubique
2351 1242 2604 1327 figura,

618 1361 754 1425 Hic
789 1360 913 1425 ubi
951 1360 1227 1425 finitum
1268 1381 1514 1445 corpus
1545 1358 1830 1445 planum
1869 1357 2316 1443 spaciumque
2354 1363 2476 1421 est.

622 1476 1195 1561 Quandoquidem
1233 1476 1412 1541 nihil
1452 1482 1556 1541 est
1588 1475 1961 1554 sincerum,
1993 1496 2151 1561 par,
2189 1473 2437 1557 simile,
2471 1496 2691 1539 unum

616 1592 747 1657 Vel
785 1592 918 1657 sibi
954 1593 1066 1659 vel
1104 1592 1396 1677 reliquO,
1439 1597 1585 1657 toto
1623 1590 1734 1657 vel
1769 1600 1968 1677 parte
2003 1591 2336 1678 profecto,

491 1712 575 1777 lO
617 1708 870 1795 Aspice
907 1716 1197 1775 naturae
1234 1708 1693 1774 lustrantibus
1734 1709 1912 1774 atria
1949 1708 2292 1793 numquid

621 1823 948 1891 Sensibus
987 1831 1302 1890 occurrat
1339 1847 1594 1910 gyrum
1631 1823 1767 1890 uda
1805 1824 2111 1889 exactius
2150 1824 2280 1908 Iri,

618 1940 1064 2026 Examenque
1101 1940 1273 2005 artis
1314 1940 1496 2025 quod
1533 1962 1674 2005 non
1713 1939 2063 2021 formidet3
2105 1947 2178 2006 at
2216 1941 2368 2027 ipsa

619 2053 1062 2141 Spectrorum
1101 2078 1320 2141 genus
1359 2063 1463 2122 est
1501 2062 1569 2121 et
1605 2055 1778 2122 lucis
1815 2056 2046 2142 imago
2083 2057 2375 2122 reflexae

615 2170 727 2234 Ad
766 2172 977 2237 solem
1016 2172 1332 2259 opposito
1371 2172 1576 2238 nubis
1617 2172 1699 2238 de
1738 2195 2045 2259 corpore,
2088 2173 2375 2239 mittens

488 2286 567 2349 15
616 2284 956 2351 Obtutum
995 2287 1082 2352 ad
1119 2294 1433 2354 nostrum
1473 2287 1786 2375 speciem,
1830 2310 2004 2374 quae
2042 2288 2302 2376 decipit
2339 2311 2555 2376 usque

614 2401 1012 2487 Attentum,
1053 2427 1093 2469 a
1131 2410 1364 2470 centro
1403 2414 1670 2491 semper
1707 2412 2018 2492 spectare
2056 2412 2360 2492 putetur.

614 2516 912 2584 Difficile
948 2519 1132 2584 haud
1169 2519 1515 2586 modicum
1554 2526 1786 2587 tamen
1823 2528 1926 2587 est
1964 2521 2476 2609 comprendere,
2516 2530 2595 2587 ut

614 2633 781 2699 Esse
818 2643 1048 2722 potest
1086 2644 1399 2703 centrum
1436 2638 1630 2704 varia
1668 2639 1742 2704 in
1774 2639 2073 2706 statione
2109 2640 2354 2706 locatis

616 2752 773 2817 Non
811 2753 1040 2819 minus
1077 2754 1167 2819 ad
1203 2754 1516 2820 dextram
1556 2779 1761 2841 quam
1797 2757 2090 2842 laevam3
2132 2780 2428 2843 namque
2465 2759 2759 2845 repostis

482 2868 570 2931 20
615 2867 873 2933 Multos
910 2892 1034 2956 per
1069 2894 1311 2957 passus
1350 2872 1788 2939 abstantibus
1827 2897 1971 2940 esse
2008 2874 2284 2941 videtur

613 2984 851 3070 Ipsum
890 2993 958 3050 et
996 2985 1177 3052 idem
1214 2988 1575 3075 proprium
1615 2996 1959 3075 centrum,
2000 2991 2162 3077 quia
2198 2991 2371 3057 lucis
2409 2992 2641 3078 imago

614 3100 679 3164 A
717 3109 986 3187 spectro
1026 3102 1113 3167 ad
1151 3103 1425 3170 oculum
1464 3104 1840 3191 sphaeralis
1879 3106 2161 3192 migrat,
2200 3115 2280 3172 ut
2311 3108 2447 3194 ipsi

615 3214 853 3301 Aeque
890 3240 1014 3304 per
1049 3225 1274 3284 totum
1311 3220 1703 3286 intendenti
1743 3230 1845 3286 est
1883 3245 2139 3307 aequus
2176 3222 2486 3307 horizon,

618 3332 766 3410 Qua
806 3357 876 3399 se
914 3357 1207 3421 cumque
1245 3345 1450 3420 rotet;
1490 3338 1754 3424 pariter
1788 3339 1871 3404 de
1910 3340 2092 3404 nube
2132 3361 2415 3406 corusca

482 3447 567 3511 25
614 3449 956 3516 Emissam
995 3452 1290 3539 speciem
1328 3460 1606 3519 rorante
1643 3454 1769 3520 sub
1809 3463 1989 3538 ae're,
2027 3463 2364 3540 tanquam

614 3568 912 3634 Prodeat
950 3593 986 3634 e
1024 3570 1284 3658 speculi
1321 3570 1543 3636 nitido
1585 3571 1943 3658 splendore
1982 3573 2232 3658 figura,

616 3683 1118 3771 Quciscumque
1157 3686 1231 3751 in
1278 3686 1501 3771 specie
1537 3709 1859 3773 praesens
1897 3687 2093 3754 venit
2130 3689 2335 3754 obvia
2375 3688 2640 3775 eadem,

620 3799 947 3878 Quamvis
987 3825 1026 3867 a
1063 3808 1322 3890 puncto
1361 3824 1501 3867 non
1541 3802 2008 3890 conspiciatur
2044 3804 2308 3888 eodem,

615 3917 720 3982 Ac
755 3925 990 3984 tamen
1028 3943 1067 3984 a
1105 3926 1365 4007 puncto
1405 3920 1463 3984 si
1502 3920 1966 4006 conspiciatur
2005 3921 2241 3987 eodem
2278 3929 2399 3987 est.

483 4042 572 4105 30
615 4034 750 4099 Hic
785 4035 906 4101 ubi
945 4035 1249 4101 declivus
1287 4036 1663 4124 spectantis
1704 4043 1897 4123 terga
1936 4036 2099 4102 ferit
2136 4039 2268 4123 sol,

619 4148 827 4235 Sique
864 4150 1041 4238 lapis
1074 4152 1288 4217 ruitet
1324 4152 1668 4238 requietas
1699 4175 1959 4239 pronus
1997 4153 2072 4218 in
2109 4153 2359 4239 undaS,

633 4321 774 4330 Ὴῄ-
809 4328 1479 4336 *ᾖ*
1501 4316 1616 4336 Η-Ξ-

2794 472 2904 550 197

2850 1040 2904 1077 30

2853 2202 2917 2240 40

2845 2787 2899 2826 ⁴5

2851 3372 2906 3410 50

2851 3949 2905 3991 55

801 4424 833 4474 9
863 4426 1086 4491 reliquo
1116 4432 1270 4492 tot0,
1297 4429 1387 4479 vel
1519 4432 1575 4480 11
1611 4430 1711 4500 Iri]
1740 4431 1813 4482 iri
1938 4433 2000 4481 21
2035 4447 2344 4498 secumque
2469 4433 2534 4482 26
2566 4449 2639 4494 sq.
2660 4433 2817 4495 forse
2848 4434 2901 4485 si

617 4504 788 4555 dovr&
813 4505 1187 4572 interpungere
1216 4510 1545 4574 splendore,
1573 4511 1759 4576 figura
1787 4513 2212 4579 Quciscumque
