3738 5268
841 497 956 556 138
1448 507 1727 553 mmmm
1771 507 1974 553 anm
2018 508 2108 551 ns
2149 508 2420 569 nummo,
2467 508 2505 552 1.

996 667 1030 716 Ἣ
1069 667 1199 725 128.
1251 663 1388 723 Non
1445 663 1583 742 plus
1638 662 1976 741 sapientiae
2023 672 2087 723 et
2118 662 2399 739 bonitati,
2439 683 2618 739 quam
2653 662 3037 741 ignorantiae
3069 670 3132 723 et

839 780 1146 858 iniquitati
1198 799 1383 840 voces
1438 788 1620 856 atque
1674 780 1866 839 verba
1908 779 2389 840 subministrant.
2434 779 2673 838 Horum
2733 778 3128 856 simplicitate

839 899 1071 959 veritas
1106 905 1170 958 et
1204 897 1506 973 doctrina3
1544 917 1797 973 quorum
1834 904 2050 956 ornatu
2104 897 2326 956 inertia
2378 894 2609 972 gaudet
2663 902 2726 956 et
2767 895 3021 971 astutia,
3066 903 3132 955 et

838 1034 1092 1093 quorum
1128 1013 1432 1074 varietate
1487 1032 1621 1073 oum
1673 1012 1935 1089 quadam
1988 1012 2362 1073 mercenaria
2418 1011 2832 1074 sollicitudine
2886 1012 3130 1072 vanitas

751 1133 792 1197 5
839 1129 1175 1192 insolescit.

999 1247 1032 1296 ‘fl
1074 1248 1203 1306 152.
1252 1244 1632 1304 Exsibiletur
1660 1243 1723 1303 in
1758 1242 1893 1304 foro
1933 1244 2065 1304 sine
2102 1245 2341 1321 eloquio
2375 1250 2437 1305 et
2467 1244 2865 1324 persuasione
2900 1246 3127 1308 rhetor.

836 1364 936 1423 Ita
965 1369 1027 1422 et
1061 1362 1185 1439 qui,
1233 1361 1462 1420 omissa
1506 1361 1832 1420 verborum
1887 1360 2293 1440 proprietate,
2347 1362 2721 1422 emasculata
2758 1362 3034 1423 oratione
3067 1364 3132 1422 in

837 1488 1085 1541 nostrae
1120 1478 1300 1540 divae
1335 1485 1654 1539 matronae
1690 1477 1946 1538 aedibus
1982 1479 2432 1556 personaverit,
2472 1479 2705 1555 exulet5
2741 1498 2858 1540 nec
2893 1488 3130 1540 tantum

836 1605 1144 1672 tamquam
1200 1596 1517 1672 ignoranS,
1576 1593 1687 1654 sed
1747 1604 1815 1653 ut
1877 1593 2119 1654 omnino
2181 1593 2257 1653 ad
2316 1594 2787 1671 intelligendum
2838 1595 3131 1657 inhabilis

707 1712 792 1774 10
838 1713 1128 1774 eiiciatur.
1169 1712 1250 1771 Et
1277 1711 1331 1771 si
1365 1710 1669 1789 quispiam
1702 1712 1778 1770 ab
1813 1710 1930 1770 hoc
1964 1710 2393 1790 philosophiae
2428 1731 2550 1771 non
2582 1712 2862 1790 populari
2901 1732 3128 1788 genere

837 1830 1162 1890 verborum
1215 1847 1348 1888 cum
1403 1827 1783 1906 proprietate
1845 1826 2304 1905 simplicitatem
2364 1828 2703 1888 tentaverit
2767 1828 3124 1908 excludere,

826 1944 1032 2023 magis
1064 1943 1378 2023 parricidii
1414 1952 1595 2019 atque
1627 1943 1934 2020 sacrilegii
1967 1962 2109 2003 reus
2146 1951 2304 2019 esto,
2341 1962 2520 2018 quam
2549 1944 2601 2003 si
2633 1943 2885 2004 deorum
2920 1966 3123 2005 sacro-

837 2069 1085 2121 sanctas
1130 2060 1427 2138 imagines
1466 2057 1914 2138 profanaverit:
1945 2067 2161 2137 utpote
2197 2059 2541 2135 Saturnum,
2577 2060 2859 2138 Martem,
2891 2061 3128 2140 Neptu-

837 2198 1006 2254 num,
1058 2177 1390 2250 Oceanum,
1437 2177 1769 2238 Herculem
1810 2178 2019 2255 bysso,
2058 2195 2353 2255 purpura,
2391 2176 2659 2255 annulis,
2694 2177 3010 2238 inauribus
3065 2186 3131 2239 et

714 2302 795 2365 15
846 2293 1256 2354 cincinnorum
1310 2293 1566 2353 fimbriis
1620 2292 2058 2370 inhonestarit,
2115 2289 2217 2367 qui
2267 2311 2377 2369 pro
2424 2313 2570 2354 vera
2617 2293 2938 2354 maiestate
2981 2294 3130 2354 nudi

847 2429 982 2472 cum
1017 2408 1469 2489 simplicissimo
1509 2408 1613 2487 (ad
1651 2408 1902 2469 deitatis
1948 2405 2382 2487 differentiam)
2419 2409 2541 2469 telo
2578 2410 2749 2488 pingi
2782 2410 3130 2474 voluerunt.

1771 2787 2077 2854 OAPVT
2144 2788 2234 2853 Π.

1041 2961 1277 3002 Minimum
1301 2970 1398 3001 csso
1426 2963 1519 2999 tum
1546 2969 1857 3009 numerorum,
1881 2962 1976 2998 tum
2002 2959 2386 3011 magnitudinum,
2413 2964 2507 3000 tum
2532 2960 2735 3002 omqum
2768 2962 2934 3002 utlibet

1627 3031 2005 3070 elementatorum
2033 3032 2350 3071 substantiam.

717 3224 805 3287 ‘20
1027 3217 1125 3283 At
1172 3216 1344 3282 mihi
1383 3216 1678 3282 sufficiat
1715 3238 1945 3282 rerum
1982 3238 2107 3302 pro
2139 3216 2442 3302 pondere
2477 3216 2701 3284 lucem

849 3334 1218 3421 Adpetere‚
1261 3342 1328 3399 et
1366 3335 1700 3420 templum
1742 3334 1960 3399 solido
2000 3356 2083 3398 ex
2122 3334 2487 3401 adamante
2523 3336 2838 3405 futurum

850 3451 1133 3537 Erigere
1173 3451 1247 3515 in
1286 3450 1539 3516 seclum
1579 3472 1792 3534 usque
1833 3450 2000 3516 adeo
2040 3451 2323 3516 meliora
2361 3452 2687 3538 professo.

850 3569 943 3633 Et
981 3592 1387 3655 quacunque
1420 3569 1605 3633 Deus
1645 3569 1846 3634 iussit
1887 3591 2295 3657 consurgere
2334 3571 2508 3637 vena

854 3686 1057 3751 Nunc
1096 3706 1336 3750 canere
1376 3685 1724 3771 incipiam.
1766 3686 2090 3753 Mmmvm
2129 3688 2518 3755 substantia
2565 3713 2792 3757 rerum
2831 3700 2960 3775 est3
3111 3724 3136 3761 5

723 3804 808 3866 525
856 3801 1086 3886 Atque
1125 3800 1197 3865 id
1233 3801 1417 3865 idem
1456 3801 1734 3866 tandem
1768 3803 2082 3889 opperies
2122 3828 2324 3891 super
2364 3807 2594 3872 omnia
2642 3832 2990 3894 magnum.

854 3917 1040 3981 Hinc
1078 3938 1345 3999 monim,
1383 3917 1546 3982 hinc
1583 3923 1879 4003 atomUS,
1919 3925 2241 4005 totusque
2277 3922 2441 3987 hinc
2478 3925 2784 4011 undique
2822 3927 3014 3995 fusus

860 4032 1186 4118 Spiritus,
1228 4033 1301 4097 in
1340 4033 1529 4098 nulla
1567 4034 1946 4099 consistens
1980 4037 2184 4121 mole,
2228 4039 2504 4124 suisque

859 4149 1107 4214 Omnia
1149 4149 1572 4215 constituens
1606 4151 1856 4235 signis,
1899 4154 2193 4219 essentia
2229 4161 2403 4239 tota,

859 4264 933 4328 Si
971 4287 1075 4328 res
1116 4264 1464 4351 inspiciaS,
1506 4265 1633 4331 hoc
1665 4267 1946 4332 tandem
1985 4278 2113 4353 est,
2150 4273 2623 4358 materiesque.
3084 4309 3136 4348 ιο

1046 4515 1106 4564 13
1139 4516 1585 4583 prophanaverit
