3738 5268
983 750 1436 804 ILLVSTRISS.
1472 750 1566 800 ΕΤ
1600 746 2141 800 REVERENDISS.
2180 744 2526 796 PRINCIPI
2947 746 3009 793 a
3044 725 3146 788 ΞΓ

1152 927 1849 1039 HENRIOO
1930 926 2355 1035 IVLIO
2429 918 2442 928 ’

760 1170 1360 1217 BRVNSVICENSI
1380 1170 1480 1214 VM
1550 1170 1642 1214 ET
1708 1165 2507 1213 LVNAEBVRGENSIVM
2575 1164 2761 1209 Dvct

1122 1265 1131 1272 ⁹
1240 1266 1932 1312 HALBERSTATENSIVM
1966 1264 2282 1309 EPISCOPO

1038 1365 1348 1411 PATRONO
1397 1364 1625 1409 SVMMA
1674 1363 2140 1409 OBSERVANTIA
2189 1361 2495 1406 coLENDO

1192 1582 1607 1649 IOANNES
1675 1580 2198 1647 WECHELVS
2267 1580 2334 1644 S.

1606 1783 1918 1792 —————-

799 2377 1337 2463 Ingratitudinis
1377 2378 1636 2441 crimen
1675 2398 1882 2461 quam
1915 2375 2191 2441 foedum
2225 2376 2341 2459 sit,
2373 2376 2663 2460 agnovit
2701 2377 2910 2440 etiam

624 2501 901 2568 ethnica
937 2507 1274 2582 vetustas,
1316 2499 1782 2565 illustrissime
1820 2521 1900 2565 ac
1944 2499 2511 2565 reverendissime
2559 2500 2909 2586 Princeps.

624 2626 1083 2705 Quamobrem
1131 2633 1200 2692 et
1246 2625 1598 2692 IonnAnvs
1635 2626 1946 2709 annvs,
1986 2650 2141 2692 cum
2181 2650 2251 2692 se
2289 2650 2329 2692 a
2367 2626 2449 2692 R.
2478 2625 2550 2691 G.
2591 2633 2713 2692 tua
2749 2625 2914 2693 libe-

491 2759 580 2824 10
624 2753 864 2819 raliter
900 2759 969 2817 et
1004 2750 1377 2818 honorifice
1414 2750 1732 2817 habitum
1773 2752 2264 2836 consideraret,
2304 2774 2446 2818 non
2484 2751 2916 2817 committen-

621 2876 786 2943 dum
825 2876 959 2942 sibi
996 2876 1274 2963 putavit
1313 2876 1483 2962 quin
1520 2876 1801 2961 aliquod
1840 2898 2004 2941 suae
2041 2898 2204 2961 erga
2252 2876 2335 2941 R.
2376 2875 2448 2940 C.
2497 2876 2573 2941 T.
2621 2877 2915 2962 gratitu-

621 3001 806 3067 dinis
853 3000 1340 3066 documentum
1386 3000 1747 3087 propalam
1795 3000 1872 3064 in
1925 3000 2234 3066 omnium
2285 2999 2643 3066 hominum
2699 3001 2913 3067 oculis

621 3130 1055 3211 proponeret.
1088 3123 1281 3188 Inter
1317 3131 1542 3188 cetera
1578 3123 1795 3208 igitur
1835 3123 2216 3189 industriae
2254 3146 2414 3189 suae
2444 3131 2908 3206 monumenta,

625 3270 915 3335 quorum
951 3247 1088 3312 alia
1119 3247 1255 3312 iam
1289 3246 1536 3312 affecta
1567 3254 1784 3329 erant,
1824 3247 1961 3313 alia
1992 3256 2267 3313 tantum
2300 3248 2532 3313 animo
2560 3254 2908 3333 concepta,

494 3382 578 3447 15
623 3371 747 3439 hos
810 3373 925 3437 De
992 3371 1314 3457 triplici
1376 3372 1714 3437 Minimo
1781 3380 1859 3436 et
1929 3372 2307 3438 Mensura
2378 3371 2593 3438 libros
2653 3372 2908 3438 illustri

627 3496 1035 3563 celsitudine
1094 3503 1216 3562 tua
1277 3497 1572 3562 maxime
1619 3497 1868 3583 dignos
1900 3497 2047 3562 fore
2096 3497 2194 3573 iul
2211 3498 2489 3562 dicavit.
2539 3496 2729 3584 Opus
2791 3520 2909 3583 ag·
2957 3525 3019 3572 a
3050 3513 3156 3576 εν

626 3643 924 3709 gressus,
958 3627 1038 3686 ut
1079 3643 1283 3706 quam
1323 3621 1833 3686 accuratissime
1897 3621 2338 3703 absolveret,'
2361 3644 2500 3686 non
2561 3620 2907 3686 schemata

624 3744 844 3811 solum
891 3745 1038 3832 ipse
1084 3768 1207 3810 sua
1255 3766 1466 3810 manu
1514 3745 1832 3832 sculpsit,
1882 3744 1998 3809 sed
2047 3744 2256 3809 etiam
2304 3766 2666 3831 operarum
2716 3770 2784 3809 se
2833 3746 2908 3811 in

624 3870 861 3935 eodem
893 3876 1344 3935 correctorem
1379 3870 1720 3955 praebuit.
1759 3869 2068 3934 Tandem
2116 3891 2271 3933 cum
2331 3868 2656 3933 ultimum
2717 3869 2908 3934 dum-

491 4008 582 4072 20
624 4001 820 4060 taxat
873 4001 1255 4082 superesset
1326 3994 1551 4080 operis
1620 3995 1893 4078 folium,
1964 4018 2124 4059 casu
2187 3993 2548 4079 repentino
2610 4016 2648 4057 a
2708 3992 2908 4058 nobis

625 4119 930 4201 avulsuS,
992 4125 1369 4184 extremam
1417 4117 1508 4199 ei,
1563 4126 1642 4183 ut
1699 4118 1969 4200 ceteris,
2012 4139 2290 4182 manum
2345 4117 2697 4202 imponere
2767 4140 2907 4184 non

625 4243 874 4330 potuit.
902 4243 1034 4308 Per
1055 4242 1291 4308 literas
1324 4240 1542 4327 igitur
1572 4241 1865 4327 rogavit,
1894 4249 1975 4306 ut
2013 4242 2194 4327 quod
2234 4241 2368 4306 sibi
2400 4264 2522 4328 per
2553 4242 2905 4307 fortunam

623 4388 765 4432 non
811 4366 1079 4448 liceret,
1134 4387 1261 4430 nos
1301 4387 1427 4452 pro
1484 4388 1555 4429 se
1614 4387 1734 4430 suo
1793 4366 2072 4431 nomine
2133 4372 2654 4453 praestaremus.
2704 4365 2901 4443 Quod

625 4488 926 4557 officium
974 4512 1060 4556 ne
1109 4489 1382 4556 absenti
1431 4491 1767 4576 denegare
1818 4492 2116 4557 voluisse
2173 4491 2588 4574 videremur,
2647 4491 2900 4556 librum
