3738 5268
1089 523 1398 569 AR'mcvm
1439 524 1701 570 Anvmzs
1711 525 1783 569 vs
1822 523 2356 571 ΜΑΤΗΕΜΑΤιοοε.
2789 504 2866 564 37

587 694 1021 762 bissectionis
1057 701 1397 783 punctum
1434 696 1508 761 in
1545 702 1734 762 recta
1780 697 2088 762 subiecta
2136 695 2503 778 indicabit,
2551 701 2631 760 ut
2677 699 2871 781 patet

586 820 661 887 in
708 829 894 888 recta
940 822 1067 889 AB
1112 828 1372 911 puncto
1426 822 1488 887 B
1544 821 2064 888 circumfluente
2120 829 2434 887 centrum
2480 821 2546 886 A
2616 819 2870 886 circulo

584 949 864 1036 BCEB,
905 958 976 1016 et
1011 958 1271 1038 puncto
1310 951 1374 1016 A
1421 952 1941 1019 circumfluente
1988 958 2300 1016 centrum
2347 950 2408 1014 B
2466 951 2745 1036 [puncto
2783 947 2871 1033 A]

587 1078 842 1146 circulo
900 1079 1182 1165 ACDA,
1231 1079 1354 1146 ubi
1400 1086 1738 1168 punctum
1784 1080 1837 1146 G
1895 1081 2115 1146 fluens
2155 1081 2230 1146 in
2267 1086 2605 1168 punctum
2654 1078 2716 1141 D
2775 1098 2875 1141 re-

498 1206 540 1270 5
587 1214 770 1274 ctam
809 1209 934 1273 AB
972 1209 1271 1275 bissecat
1304 1208 1381 1274 in
1416 1215 1677 1297 puncto
1717 1208 1795 1275 O.
1848 1211 1950 1275 13.
2001 1210 2097 1276 Ut
2142 1208 2784 1297 perpendicularem
2832 1228 2874 1272 a

585 1333 750 1399 dato
790 1340 1050 1421 puncto
1090 1333 1376 1400 ducam?
1418 1334 1521 1421 Si,
1561 1357 1639 1401 eo
1678 1341 1940 1423 puncto
1975 1335 2203 1423 posito
2251 1341 2490 1401 centro
2529 1338 2736 1418 atque
2776 1331 2876 1396 di-

586 1463 874 1547 stantia‚
906 1485 1067 1551 pars
1100 1463 1449 1529 subiectae
1479 1470 1708 1530 rectae
1744 1462 2201 1530 circumfluxu
2234 1461 2872 1551 comprehendatur,

584 1597 655 1656 et
699 1590 777 1656 in
821 1596 1161 1678 punctum
1217 1590 1406 1656 illius
1453 1590 1789 1657 bissectae
1859 1592 2104 1657 datum
2149 1598 2486 1679 punctum
2534 1588 2725 1655 fluat.
2776 1587 2876 1655 Ut

584 1741 790 1807 super
825 1725 1014 1785 recta
1050 1719 1177 1784 AB
1214 1741 1256 1785 a
1302 1718 1467 1785 dato
1512 1725 1772 1807 puncto
1821 1719 1905 1804 O,
1955 1720 2184 1806 posito
2233 1726 2470 1785 centro
2519 1718 2571 1783 O
2620 1725 2691 1785 et
2752 1717 2879 1783 cir-

458 1856 546 1921 10
589 1845 939 1911 oumfluxu
987 1845 1208 1931 ABA,
1250 1868 1454 1934 super
1490 1853 1829 1934 punctum
1862 1847 2302 1914 bissectionis
2342 1846 2399 1913 O
2436 1854 2774 1935 punctum
2822 1845 2875 1909 C

585 1973 773 2040 fluat.
810 1973 1006 2039 Idem
1042 1972 1126 2037 fit
1171 1973 1247 2037 in
1290 1972 1516 2040 forma
1563 1996 1647 2039 ex
1689 1976 1766 2061 3
1809 1974 1869 2039 si
1916 1996 1957 2040 a
2004 1982 2262 2062 puncto
2299 1974 2525 2040 lineae
2572 1974 2645 2038 M
2691 1978 2762 2038 et
2807 1973 2877 2037 H

588 2102 1061 2190 contingentis
1100 2102 1165 2167 A
1196 2101 1273 2167 in
1309 2108 1624 2169 centrum
1670 2102 1964 2169 ducatur
2002 2109 2194 2170 recta
2250 2105 2375 2170 Aa.
2428 2104 2531 2169 14.
2578 2104 2679 2172 Ut
2713 2103 2874 2169 data

585 2235 773 2296 recta
809 2229 995 2297 linea
1027 2230 1113 2317 O
1146 2229 1273 2294 AB
1311 2252 1352 2294 a
1389 2236 1648 2317 puncto
1682 2230 1759 2295 in
1791 2253 1871 2297 ea
1908 2231 2071 2298 dato
2106 2231 2163 2298 O
2201 2238 2463 2297 rectam
2500 2230 2756 2296 lineam
2788 2229 2877 2296 ad

587 2357 880 2442 angulos
916 2362 1138 2423 rectos
1179 2356 1536 2423 excitabo?
1574 2357 1835 2424 Eodem
1874 2380 2009 2445 quo
2054 2358 2366 2447 proxime
2414 2382 2622 2446 supra
2649 2365 2875 2447 pacto,

458 2481 541 2547 15
590 2484 693 2547 15.
740 2484 840 2551 Ut
875 2507 1082 2572 super
1112 2485 1274 2551 dato
1305 2490 1567 2573 puncto
1607 2486 1691 2572 Θ
1732 2484 1791 2551 Ο
1837 2486 2095 2552 lineam
2124 2486 2211 2552 ad
2246 2488 2580 2573 angulum
2612 2495 2876 2554 rectum

590 2609 950 2678 excitabo?
971 2612 1231 2679 Eodem
1261 2622 1468 2702 pacto
1498 2636 1634 2700 quo
1665 2613 2322 2701 perpendicularem.
2357 2614 2537 2680 Item
2567 2622 2647 2681 ut
2681 2615 2754 2680 in
2792 2615 2869 2703 3

588 2760 795 2825 super
838 2749 1175 2827 punctum
1237 2741 1304 2806 A
1358 2742 1434 2808 in
1498 2748 1687 2809 recta
1732 2742 1918 2808 linea
1966 2742 2074 2808 aA
2118 2742 2756 2830 perpendicularem
2805 2751 2875 2810 et

587 2865 677 2931 ad
739 2874 1007 2933 rectum
1064 2867 1397 2954 angulum
1444 2869 1583 2934 HA
1628 2869 2049 2958 suscipiam?
2095 2869 2241 2957 Ipsi
2289 2871 2398 2937 aA
2444 2871 2716 2956 aequali
2779 2870 2873 2936 di-

589 3000 745 3058 stan
762 2996 768 3066 !
784 2994 884 3060 tia
907 2994 1059 3080 AG,
1083 3002 1456 3082 centroque
1475 2997 1702 3085 posito
1724 3023 1766 3063 a
1784 3004 1855 3063 et
1887 2997 2222 3063 distantia
2246 2996 2372 3081 aG‚
2396 2997 2871 3065 circumfluen-

454 3119 544 3182 20
588 3121 680 3186 tis
718 3123 1059 3190 sextantis
1108 3124 1244 3190 GH
1298 3133 1635 3213 punctum
1691 3127 1762 3191 H
1806 3127 1979 3193 fluat
2025 3126 2101 3191 in
2147 3127 2231 3192 A.
2282 3127 2386 3192 16.
2453 3126 2551 3194 Ut
2615 3125 2872 3192 lineam

591 3245 668 3311 in
719 3249 795 3334 3
851 3247 968 3313 ΟΡ
1038 3248 1346 3315 dividam
1412 3251 1991 3337 quemadmodum
2037 3252 2220 3318 linea
2275 3251 2434 3317 BC?
2492 3251 2871 3337 Triangulo

596 3373 1018 3459 aequilatero
1059 3376 1245 3442 OPA
1296 3379 1703 3464 constituto,
1754 3380 1866 3446 cui
1913 3379 2136 3446 eidem
2184 3379 2272 3445 ad
2319 3378 2874 3466 magnitudinem

590 3496 827 3564 lateris
856 3523 940 3565 ex
970 3502 1255 3586 maiore,
1292 3503 1403 3568 cui
1436 3504 1665 3570 minor
1695 3505 2276 3590 accommodetur,
2311 3511 2380 3570 et
2411 3505 2499 3570 ab
2532 3506 2790 3592 angulo
2812 3508 2877 3572 A

590 3622 776 3690 linea
813 3626 925 3690 vel
962 3626 1164 3692 lineis
1200 3651 1326 3715 per
1355 3637 1615 3717 puncta
1648 3630 1975 3696 sectionis
2023 3632 2133 3696 vel
2176 3631 2558 3696 sectionum
2590 3631 2878 3718 produc-

458 3760 545 3824 25
598 3751 708 3817 tis.
762 3752 863 3817 17.
917 3754 1016 3819 Ut
1054 3752 1311 3820 lineam
1362 3757 1649 3822 eandem
1693 3757 2006 3843 regulate
2051 3757 2258 3822 rectis
2307 3758 2729 3824 sectionibus
2780 3759 2880 3823 di-

590 3876 868 3943 vidam?
907 3877 983 3942 Si
1031 3902 1236 3966 super
1281 3881 1519 3947 eadem
1566 3881 1716 3949 basi
1762 3882 2117 3968 geminato
2180 3882 2567 3969 triangulo,
2629 3906 2876 3971 nempe

592 4010 671 4068 ut
710 4026 865 4069 cum
902 4005 1255 4092 triangulo
1284 4007 1475 4072 FGB
1509 4016 1965 4096 componatur
1988 4009 2379 4096 triangulus
2404 4010 2612 4074 FBD.
2649 4012 2751 4076 18.
2779 4012 2876 4077 Ut

594 4151 634 4193 a
671 4128 837 4193 data
883 4137 1069 4196 recta
1117 4130 1529 4220 imperatam
1575 4140 1846 4221 partem
1895 4134 2246 4201 auferam?
2294 4135 2398 4218 Si,
2437 4141 2516 4200 ut
2561 4136 2874 4223 proxime

592 4276 829 4341 supra,
863 4255 1055 4322 velut
1093 4259 1381 4324 alteram
1420 4259 1713 4326 divisam
1752 4260 2037 4326 divides.
2076 4263 2178 4328 19.
2220 4262 2319 4329 Ut
2349 4261 2567 4328 lineas
2605 4263 2705 4329 ita
2742 4262 2877 4329 dis-

589 4527 747 4592 2399.
788 4545 830 4578 v.
848 4527 949 4594 fiq.
975 4514 1063 4601 εξ)
1199 4533 1261 4580 18
1289 4548 1481 4581 manca
1509 4529 1944 4597 l’interroyativo
2071 4533 2131 4583 19
2165 4530 2325 4599 aGJG
2450 4534 2507 4583 21
2534 4535 2589 4598 f.
2618 4535 2828 4584 lineam
2847 4533 2874 4582 2

2919 3018 3114 3082 07¹?
