3738 5268
802 505 922 565 254
1389 523 1667 569 mamm
1708 525 1914 570 anm
1955 526 2044 570 nn
2085 524 2358 585 nmmo,
2400 523 2496 568 111.

800 685 898 736 est
933 676 1115 736 tertia
1147 697 1292 755 pars
1326 678 1528 755 unius,
1575 688 1720 738 tunc
1761 678 2093 740 duodecies
2132 680 2240 738 illa
2273 678 2458 738 ducta
2491 677 2773 755 implebit
2825 683 3085 752 quatuor

804 794 1033 873 primas
1075 803 1312 874 parteS‚
1356 795 1466 856 sed
1510 796 1903 876 appellantur
1933 798 2091 859 istae
2133 805 2343 876 partes
2371 795 2674 857 secundae
2700 801 2977 872 quatuor.
3016 792 3083 852 Si

805 918 901 971 est
928 931 986 972 v.
1019 932 1078 988 g.
1116 911 1345 988 aliquid
1377 912 1682 973 modicum
1716 913 1854 993 plus
1892 914 1992 975 vel
2030 915 2229 974 minus
2257 933 2433 989 quam
2470 912 2654 972 tertia
2694 930 2839 991 pars
2874 911 3074 985 uniuS,

805 1036 946 1087 tunc
982 1027 1086 1108 (ad
1109 1048 1361 1088 examen
1381 1030 1700 1089 tertiarum
1742 1032 2034 1109 partium)
2055 1029 2205 1090 illud
2231 1029 2560 1107 residuum,
2595 1010 2761 1105 quod
2793 1034 2891 1089 est
2922 1029 3085 1088 ultra

712 1132 753 1196 ὅ
800 1146 900 1204 vel
922 1145 1075 1204 citra
1097 1145 1540 1217 deducendum,
1567 1144 1899 1207 duodecies
1933 1148 2210 1226 capiatur
2242 1147 2443 1224 ipsum
2479 1145 2578 1205 vel
2611 1143 2687 1223 (si
2725 1145 2923 1203 minus
2958 1143 3087 1204 fue·

799 1260 881 1320 rit
914 1280 1093 1336 quam
1129 1261 1263 1339 capi
1298 1262 1522 1339 possit)
1557 1261 1754 1321 altera
1786 1282 1933 1340 pars
1967 1263 2186 1338 maior,
2223 1270 2291 1321 ut
2337 1270 2549 1339 partes
2592 1259 2749 1320 alias
2801 1259 3086 1320 adiicien-

799 1375 911 1436 das
944 1377 1362 1437 subalternato
1401 1376 1613 1437 ordine
1656 1395 1846 1451 usque
1883 1378 1945 1436 in
1982 1377 2162 1438 finem
2195 1378 2398 1455 possis
2430 1377 2752 1455 inspicere.

960 1511 994 1558 ‘u
1035 1493 1207 1552 Haec
1234 1492 1519 1553 deductio
1557 1492 1951 1572 practicando
1980 1492 2050 1553 fit
2078 1514 2263 1571 super
2292 1493 2506 1552 eadem
2541 1501 2721 1569 atque
2755 1513 2875 1551 una
2900 1492 3088 1570 linea,

800 1607 861 1667 in
897 1627 1015 1684 qua
1047 1615 1256 1686 partes
1290 1610 1522 1687 primae
1558 1618 1701 1669 sunt
1734 1611 2044 1688 signatae;
2094 1631 2248 1688 quae
2290 1612 2391 1670 hic
2438 1618 2693 1703 propter
2735 1609 3086 1688 explicatio-

674 1725 756 1788 lO
800 1744 937 1785 nem
974 1734 1037 1786 et
1071 1726 1526 1787 distinctionem
1560 1727 1622 1786 in
1657 1728 2075 1788 subordinatis
2108 1728 2297 1788 rectis
2333 1727 2729 1787 ostendimus,

962 1854 996 1900 ‘u
1038 1843 1260 1902 Partes
1285 1842 1443 1903 istae
1479 1842 1811 1902 secundum
1841 1861 2238 1921 progressum
2276 1864 2311 1902 a
2352 1842 2565 1920 primis
2596 1842 2674 1902 ad
2696 1841 3020 1918 secundas,
3045 1861 3081 1900 a

802 1959 1085 2019 secundis
1118 1959 1196 2018 ad
1230 1959 1448 2019 tertias
1478 1960 1818 2019 subiective
1854 1967 2080 2035 quanto
2118 1959 2315 2036 magis
2359 1959 2863 2037 multiplicantur,
2905 1966 3075 2017 tanto

802 2076 998 2135 minus
1033 2084 1130 2136 est
1162 2074 1326 2152 quod
1358 2075 1710 2150 adsumunt;
1749 2074 1891 2134 ideo
1929 2076 2141 2135 ordine
2174 2095 2292 2151 quo
2350 2081 2632 2135 crescunt
2677 2074 2937 2151 numeri,
2985 2092 3077 2132 eo·

802 2191 941 2252 dem
995 2194 1128 2253 vice
1182 2213 1364 2254 versa
1415 2194 1609 2255 moles
1654 2194 2046 2254 denominata
2088 2214 2199 2272 per
2251 2213 2536 2254 numeros
2587 2200 2964 2269 attenuatur,
3015 2201 3083 2252 ut

675 2304 755 2367 15
802 2316 975 2385 patet
1008 2310 1070 2369 in
1104 2311 1381 2370 subiecto
1417 2310 1720 2387 triangulo
1761 2309 1944 2371 ABG.

895 2543 1032 2584 Latus
1070 2544 1201 2583 istius
1238 2544 1456 2593 trianguli
1491 2544 1613 2583 valet
1653 2545 1701 2584 12
1738 2545 1985 2595 secundas,
2030 2546 2156 2585 cuius
2192 2547 2545 2597 proportionalis
2582 2545 2801 2597 trianguli
2843 2546 2961 2586 latus

986 2616 1110 2657 valet
1141 2617 1190 2656 12
1220 2615 1396 2668 tertia,
1421 2621 1466 2657 et
1492 2616 1557 2658 ita
1581 2616 1700 2658 ultra
1727 2618 1911 2658 ultianus
1935 2629 2147 2659 numerus
2171 2620 2219 2658 in
2245 2618 2475 2660 infinitum
2500 2618 2621 2660 valet
2641 2622 2690 2659 ut
2712 2619 2901 2669 primus.

1609 2811 1810 2855 scALA
1860 2813 2172 2859 DVODENA
2182 2815 2277 2859 Ru

1646 2929 1830 2963 nostrae
1860 2925 1961 2962 viso
1990 2925 2270 2965 deserviens.

1517 3107 2385 3159 5259780352

1563 3194 2341 3244 429987696

1521 3260 2394 3331 W

1658 3368 2249 3417 2985984

1713 3455 2208 3504 248832

989 4280 1021 4327 2
1055 4278 1162 4328 iste
1287 4281 1318 4326 5
1352 4280 1523 4340 citra,
1554 4281 1949 4331 deducendum
1975 4282 2283 4332 duodecies
2412 4287 2472 4333 18
2502 4302 2710 4335 sonum

3100 2540 3182 2600 p·
3221 2524 3402 2586 115
