<?xml version="1.0" encoding="UTF-8"?>
<!DOCTYPE html PUBLIC "-//W3C//DTD XHTML 1.0 Transitional//EN"
    "http://www.w3.org/TR/xhtml1/DTD/xhtml1-transitional.dtd">
<html xmlns="http://www.w3.org/1999/xhtml" xml:lang="en" lang="en">
 <head>
  <title>
</title>
<meta http-equiv="Content-Type" content="text/html;charset=utf-8" />
  <meta name='ocr-system' content='tesseract 3.04.00' />
  <meta name='ocr-capabilities' content='ocr_page ocr_carea ocr_par ocr_line ocrx_word'/>
</head>
<body>
  <div class='ocr_page' id='page_1' title='image "./jordanibruninol00tallgoog_0044.png"; bbox 0 0 3738 5268; ppageno 0'>
   <div class='ocr_carea' id='block_1_1' title="bbox 825 476 2228 547">
    <p class='ocr_par' dir='ltr' id='par_1_1' title="bbox 825 476 2228 547">
     <span class='ocr_line' id='line_1_1' title="bbox 825 476 2228 547; baseline 0.005 -8"><span class='ocrx_word' id='word_1_1' title='bbox 825 476 903 539; x_wconf 83' lang='grc'>28</span> <span class='ocrx_word' id='word_1_2' title='bbox 1704 499 1983 547; x_wconf 72' lang='lat' dir='ltr'>mamm</span> <span class='ocrx_word' id='word_1_3' title='bbox 2025 500 2228 546; x_wconf 75' lang='lat' dir='ltr'>Bavm</span> 
     </span>
    </p>
   </div>
   <div class='ocr_carea' id='block_1_2' title="bbox 1570 805 2365 884">
    <p class='ocr_par' dir='ltr' id='par_1_2' title="bbox 1570 805 2365 884">
     <span class='ocr_line' id='line_1_2' title="bbox 1570 805 2365 884; baseline 0.004 -6"><span class='ocrx_word' id='word_1_4' title='bbox 1570 805 2135 883; x_wconf 81' lang='lat' dir='ltr'>MEMBRVM</span> <span class='ocrx_word' id='word_1_5' title='bbox 2230 808 2365 884; x_wconf 86' lang='lat' dir='ltr'>IV.</span> 
     </span>
    </p>
   </div>
   <div class='ocr_carea' id='block_1_3' title="bbox 1412 1023 2527 1080">
    <p class='ocr_par' dir='ltr' id='par_1_3' title="bbox 1412 1023 2527 1080">
     <span class='ocr_line' id='line_1_3' title="bbox 1412 1023 2527 1080; baseline 0.002 -2"><span class='ocrx_word' id='word_1_6' title='bbox 1412 1024 1710 1079; x_wconf 87' lang='lat' dir='ltr'><strong>OPERA</strong></span> <span class='ocrx_word' id='word_1_7' title='bbox 1766 1023 2036 1079; x_wconf 83' lang='lat' dir='ltr'><strong>OIROA</strong></span> <span class='ocrx_word' id='word_1_8' title='bbox 2093 1023 2371 1079; x_wconf 87' lang='lat' dir='ltr'><strong>MINIM</strong></span> <span class='ocrx_word' id='word_1_9' title='bbox 2386 1025 2527 1080; x_wconf 86' lang='lat' dir='ltr'>VM.</span> 
     </span>
    </p>
   </div>
   <div class='ocr_carea' id='block_1_4' title="bbox 1820 1306 2102 1373">
    <p class='ocr_par' dir='ltr' id='par_1_4' title="bbox 1820 1306 2102 1373">
     <span class='ocr_line' id='line_1_4' title="bbox 1820 1306 2102 1373; baseline -0.007 0"><span class='ocrx_word' id='word_1_10' title='bbox 1820 1306 2003 1373; x_wconf 81' lang='lat' dir='ltr'>Ova</span> <span class='ocrx_word' id='word_1_11' title='bbox 2049 1307 2102 1372; x_wconf 95' lang='lat' dir='ltr'>I.</span> 
     </span>
    </p>
   </div>
   <div class='ocr_carea' id='block_1_5' title="bbox 677 1530 3313 4161">
    <p class='ocr_par' dir='ltr' id='par_1_5' title="bbox 677 1530 3313 4161">
     <span class='ocr_line' id='line_1_5' title="bbox 998 1530 3102 1620; baseline -0 -22"><span class='ocrx_word' id='word_1_12' title='bbox 998 1531 1355 1610; x_wconf 78' lang='lat' dir='ltr'>Quomodo</span> <span class='ocrx_word' id='word_1_13' title='bbox 1380 1531 1747 1599; x_wconf 89' lang='lat' dir='ltr'>minimum</span> <span class='ocrx_word' id='word_1_14' title='bbox 1766 1530 2323 1620; x_wconf 79' lang='lat' dir='ltr'>apprehendam?</span> <span class='ocrx_word' id='word_1_15' title='bbox 2346 1532 2697 1598; x_wconf 76' lang='lat' dir='ltr'>Punctum</span> <span class='ocrx_word' id='word_1_16' title='bbox 2722 1532 3102 1620; x_wconf 89' lang='lat' dir='ltr'>apprehen-</span> 
     </span>
     <span class='ocr_line' id='line_1_6' title="bbox 726 1658 3105 1750; baseline 0.002 -27"><span class='ocrx_word' id='word_1_17' title='bbox 726 1660 768 1723; x_wconf 73' lang='grc' dir='ltr'>ὅ</span> <span class='ocrx_word' id='word_1_18' title='bbox 815 1661 1056 1729; x_wconf 91' lang='lat' dir='ltr'>dendo.</span> <span class='ocrx_word' id='word_1_19' title='bbox 1097 1662 1157 1726; x_wconf 83' lang='lat'>2.</span> <span class='ocrx_word' id='word_1_20' title='bbox 1199 1659 1559 1738; x_wconf 77' lang='lat' dir='ltr'>Quomodo</span> <span class='ocrx_word' id='word_1_21' title='bbox 1590 1665 1934 1747; x_wconf 89' lang='lat' dir='ltr'>punctum</span> <span class='ocrx_word' id='word_1_22' title='bbox 1979 1658 2532 1747; x_wconf 79' lang='lat' dir='ltr'>apprehendam?</span> <span class='ocrx_word' id='word_1_23' title='bbox 2571 1659 2944 1727; x_wconf 87' lang='lat' dir='ltr'>Minimum</span> <span class='ocrx_word' id='word_1_24' title='bbox 2982 1684 3105 1750; x_wconf 89' lang='lat' dir='ltr'>ap-</span> 
     </span>
     <span class='ocr_line' id='line_1_7' title="bbox 812 1784 3103 1874; baseline 0 -22"><span class='ocrx_word' id='word_1_25' title='bbox 812 1786 1301 1874; x_wconf 90' lang='lat' dir='ltr'>prehendendo</span> <span class='ocrx_word' id='word_1_26' title='bbox 1336 1787 1689 1853; x_wconf 88' lang='lat' dir='ltr'>circulum.</span> <span class='ocrx_word' id='word_1_27' title='bbox 1720 1788 1778 1851; x_wconf 88' lang='lat'>3.</span> <span class='ocrx_word' id='word_1_28' title='bbox 1806 1784 2168 1863; x_wconf 81' lang='lat' dir='ltr'>Quomodo</span> <span class='ocrx_word' id='word_1_29' title='bbox 2205 1792 2548 1873; x_wconf 90' lang='lat' dir='ltr'>punctum</span> <span class='ocrx_word' id='word_1_30' title='bbox 2581 1786 2700 1871; x_wconf 90' lang='lat' dir='ltr'>qui</span> <span class='ocrx_word' id='word_1_31' title='bbox 2731 1792 2837 1853; x_wconf 90' lang='lat' dir='ltr'>est</span> <span class='ocrx_word' id='word_1_32' title='bbox 2866 1788 3103 1854; x_wconf 89' lang='lat' dir='ltr'>termi-</span> 
     </span>
     <span class='ocr_line' id='line_1_8' title="bbox 812 1909 3102 1999; baseline 0 -22"><span class='ocrx_word' id='word_1_33' title='bbox 812 1935 947 1979; x_wconf 89' lang='lat' dir='ltr'>nus</span> <span class='ocrx_word' id='word_1_34' title='bbox 986 1934 1026 1977; x_wconf 88' lang='lat' dir='ltr'>a</span> <span class='ocrx_word' id='word_1_35' title='bbox 1062 1917 1326 1999; x_wconf 90' lang='lat' dir='ltr'>puncto</span> <span class='ocrx_word' id='word_1_36' title='bbox 1362 1911 1545 1999; x_wconf 91' lang='lat' dir='ltr'>quod</span> <span class='ocrx_word' id='word_1_37' title='bbox 1583 1917 1687 1977; x_wconf 90' lang='lat' dir='ltr'>est</span> <span class='ocrx_word' id='word_1_38' title='bbox 1725 1910 2096 1976; x_wconf 78' lang='lat' dir='ltr'>minimum</span> <span class='ocrx_word' id='word_1_39' title='bbox 2134 1909 2613 1997; x_wconf 74' lang='lat' dir='ltr'>distinguam?</span> <span class='ocrx_word' id='word_1_40' title='bbox 2652 1912 2759 1976; x_wconf 82' lang='lat' dir='ltr'>Ex</span> <span class='ocrx_word' id='word_1_41' title='bbox 2796 1912 3102 1979; x_wconf 87' lang='lat' dir='ltr'>dictione</span> 
     </span>
     <span class='ocr_line' id='line_1_9' title="bbox 812 2036 3096 2127; baseline -0 -22"><span class='ocrx_word' id='word_1_42' title='bbox 812 2039 1093 2125; x_wconf 87' lang='lat' dir='ltr'>quidem</span> <span class='ocrx_word' id='word_1_43' title='bbox 1149 2038 1233 2123; x_wconf 92' lang='lat' dir='ltr'>(si</span> <span class='ocrx_word' id='word_1_44' title='bbox 1292 2045 1363 2104; x_wconf 93' lang='lat' dir='ltr'>et</span> <span class='ocrx_word' id='word_1_45' title='bbox 1416 2038 1489 2105; x_wconf 92' lang='lat' dir='ltr'>id</span> <span class='ocrx_word' id='word_1_46' title='bbox 1543 2039 1824 2127; x_wconf 87' lang='lat' dir='ltr'>placet),</span> <span class='ocrx_word' id='word_1_47' title='bbox 1882 2036 2190 2125; x_wconf 89' lang='lat' dir='ltr'>primum</span> <span class='ocrx_word' id='word_1_48' title='bbox 2247 2038 2658 2122; x_wconf 81' lang='lat' dir='ltr'>masculine,</span> <span class='ocrx_word' id='word_1_49' title='bbox 2717 2038 3096 2105; x_wconf 91' lang='lat' dir='ltr'>secundum</span> 
     </span>
     <span class='ocr_line' id='line_1_10' title="bbox 808 2161 3099 2253; baseline -0 -23"><span class='ocrx_word' id='word_1_50' title='bbox 808 2164 1222 2231; x_wconf 68' lang='lat' dir='ltr'>neutraliter</span> <span class='ocrx_word' id='word_1_51' title='bbox 1275 2164 1635 2253; x_wconf 88' lang='lat' dir='ltr'>proferens</span> <span class='ocrx_word' id='word_1_52' title='bbox 1646 2187 1660 2248; x_wconf 91' lang='lat'>;</span> <span class='ocrx_word' id='word_1_53' title='bbox 1728 2186 1812 2229; x_wconf 86' lang='lat' dir='ltr'>ex</span> <span class='ocrx_word' id='word_1_54' title='bbox 1866 2186 1942 2229; x_wconf 88' lang='lat' dir='ltr'>re</span> <span class='ocrx_word' id='word_1_55' title='bbox 1998 2184 2164 2230; x_wconf 83' lang='lat' dir='ltr'>vero</span> <span class='ocrx_word' id='word_1_56' title='bbox 2229 2161 2319 2229; x_wconf 91' lang='lat' dir='ltr'>ad</span> <span class='ocrx_word' id='word_1_57' title='bbox 2392 2162 2666 2229; x_wconf 90' lang='lat' dir='ltr'>minimi</span> <span class='ocrx_word' id='word_1_58' title='bbox 2751 2163 3099 2230; x_wconf 86' lang='lat' dir='ltr'>sensibilis</span> 
     </span>
     <span class='ocr_line' id='line_1_11' title="bbox 681 2288 3097 2378; baseline -0.002 -18"><span class='ocrx_word' id='word_1_59' title='bbox 681 2297 767 2362; x_wconf 90' lang='lat'>10</span> <span class='ocrx_word' id='word_1_60' title='bbox 812 2296 1132 2357; x_wconf 90' lang='lat' dir='ltr'>centrum</span> <span class='ocrx_word' id='word_1_61' title='bbox 1179 2290 1573 2358; x_wconf 80' lang='lat' dir='ltr'>collineanS.</span> <span class='ocrx_word' id='word_1_62' title='bbox 1611 2292 1674 2356; x_wconf 88' lang='lat'>4.</span> <span class='ocrx_word' id='word_1_63' title='bbox 1708 2288 2068 2368; x_wconf 89' lang='lat' dir='ltr'>Quomodo</span> <span class='ocrx_word' id='word_1_64' title='bbox 2103 2311 2233 2377; x_wconf 90' lang='lat' dir='ltr'>pro</span> <span class='ocrx_word' id='word_1_65' title='bbox 2269 2288 2460 2356; x_wconf 85' lang='lat' dir='ltr'>virili</span> <span class='ocrx_word' id='word_1_66' title='bbox 2496 2288 2924 2378; x_wconf 71' lang='lat' dir='ltr'>percipietur</span> <span class='ocrx_word' id='word_1_67' title='bbox 2970 2290 3097 2356; x_wconf 93' lang='lat' dir='ltr'>mi-</span> 
     </span>
     <span class='ocr_line' id='line_1_12' title="bbox 808 2415 3313 2504; baseline 0.001 -23"><span class='ocrx_word' id='word_1_68' title='bbox 808 2415 1040 2482; x_wconf 91' lang='lat' dir='ltr'>nimus</span> <span class='ocrx_word' id='word_1_69' title='bbox 1086 2415 1204 2481; x_wconf 83' lang='lat' dir='ltr'>ille</span> <span class='ocrx_word' id='word_1_70' title='bbox 1251 2415 1590 2482; x_wconf 89' lang='lat' dir='ltr'>circulus?</span> <span class='ocrx_word' id='word_1_71' title='bbox 1639 2415 1716 2481; x_wconf 88' lang='lat' dir='ltr'>Si</span> <span class='ocrx_word' id='word_1_72' title='bbox 1763 2416 1850 2482; x_wconf 89' lang='lat' dir='ltr'>ab</span> <span class='ocrx_word' id='word_1_73' title='bbox 1918 2415 2339 2502; x_wconf 87' lang='lat' dir='ltr'>angulorum</span> <span class='ocrx_word' id='word_1_74' title='bbox 2375 2420 2447 2480; x_wconf 90' lang='lat' dir='ltr'>et</span> <span class='ocrx_word' id='word_1_75' title='bbox 2475 2420 2485 2504; x_wconf 75' lang='grc' dir='ltr'>Ι</span> <span class='ocrx_word' id='word_1_76' title='bbox 2512 2415 2824 2502; x_wconf 88' lang='lat' dir='ltr'>partium</span> <span class='ocrx_word' id='word_1_77' title='bbox 2888 2437 3094 2481; x_wconf 89' lang='lat' dir='ltr'>sensu</span> <span class='ocrx_word' id='word_1_78' title='bbox 3143 2433 3193 2482; x_wconf 79' lang='grc' dir='ltr'>ο</span> <span class='ocrx_word' id='word_1_79' title='bbox 3231 2422 3313 2484; x_wconf 70' lang='lat'>1⁹</span> 
     </span>
     <span class='ocr_line' id='line_1_13' title="bbox 809 2539 3097 2624; baseline -0 -18"><span class='ocrx_word' id='word_1_80' title='bbox 809 2541 1179 2609; x_wconf 87' lang='lat' dir='ltr'>minimum</span> <span class='ocrx_word' id='word_1_81' title='bbox 1213 2543 1561 2610; x_wconf 87' lang='lat' dir='ltr'>obiectum</span> <span class='ocrx_word' id='word_1_82' title='bbox 1606 2541 2001 2624; x_wconf 84' lang='lat' dir='ltr'>abstrahes3</span> <span class='ocrx_word' id='word_1_83' title='bbox 2050 2548 2247 2607; x_wconf 84' lang='lat' dir='ltr'>extra</span> <span class='ocrx_word' id='word_1_84' title='bbox 2295 2540 2632 2607; x_wconf 85' lang='lat' dir='ltr'>circulum</span> <span class='ocrx_word' id='word_1_85' title='bbox 2668 2540 2856 2606; x_wconf 84' lang='lat' dir='ltr'>enim</span> <span class='ocrx_word' id='word_1_86' title='bbox 2894 2539 3097 2607; x_wconf 88' lang='lat' dir='ltr'>mini-</span> 
     </span>
     <span class='ocr_line' id='line_1_14' title="bbox 809 2667 3092 2758; baseline 0 -23"><span class='ocrx_word' id='word_1_87' title='bbox 809 2692 1000 2736; x_wconf 90' lang='lat' dir='ltr'>mum</span> <span class='ocrx_word' id='word_1_88' title='bbox 1047 2671 1442 2738; x_wconf 81' lang='lat' dir='ltr'>sensibilem</span> <span class='ocrx_word' id='word_1_89' title='bbox 1505 2693 1649 2741; x_wconf 88' lang='lat' dir='ltr'>non</span> <span class='ocrx_word' id='word_1_90' title='bbox 1714 2669 2212 2757; x_wconf 83' lang='lat' dir='ltr'>apprehendes,</span> <span class='ocrx_word' id='word_1_91' title='bbox 2252 2667 2419 2755; x_wconf 88' lang='lat' dir='ltr'>quia</span> <span class='ocrx_word' id='word_1_92' title='bbox 2478 2673 2673 2735; x_wconf 84' lang='lat' dir='ltr'>extra</span> <span class='ocrx_word' id='word_1_93' title='bbox 2732 2669 3092 2758; x_wconf 87' lang='lat' dir='ltr'>propriam</span> 
     </span>
     <span class='ocr_line' id='line_1_15' title="bbox 810 2794 3095 2885; baseline -0.001 -23"><span class='ocrx_word' id='word_1_94' title='bbox 810 2798 1108 2885; x_wconf 89' lang='lat' dir='ltr'>speciem</span> <span class='ocrx_word' id='word_1_95' title='bbox 1170 2821 1292 2865; x_wconf 88' lang='lat' dir='ltr'>seu</span> <span class='ocrx_word' id='word_1_96' title='bbox 1355 2797 1889 2865; x_wconf 85' lang='lat' dir='ltr'>similitudinem</span> <span class='ocrx_word' id='word_1_97' title='bbox 1943 2796 2121 2863; x_wconf 87' lang='lat' dir='ltr'>nihil</span> <span class='ocrx_word' id='word_1_98' title='bbox 2185 2794 2752 2884; x_wconf 86' lang='lat' dir='ltr'>apprehenditur.</span> <span class='ocrx_word' id='word_1_99' title='bbox 2804 2796 2864 2860; x_wconf 84' lang='lat'>5.</span> <span class='ocrx_word' id='word_1_100' title='bbox 2914 2795 3095 2874; x_wconf 92' lang='lat' dir='ltr'>Quo-</span> 
     </span>
     <span class='ocr_line' id='line_1_16' title="bbox 680 2921 3092 3011; baseline -0.003 -17"><span class='ocrx_word' id='word_1_101' title='bbox 680 2930 761 2994; x_wconf 73' lang='lat'>15</span> <span class='ocrx_word' id='word_1_102' title='bbox 809 2923 1011 2991; x_wconf 92' lang='lat' dir='ltr'>modo</span> <span class='ocrx_word' id='word_1_103' title='bbox 1059 2924 1426 2991; x_wconf 85' lang='lat' dir='ltr'>minimum</span> <span class='ocrx_word' id='word_1_104' title='bbox 1474 2924 1908 3011; x_wconf 86' lang='lat' dir='ltr'>triangulum</span> <span class='ocrx_word' id='word_1_105' title='bbox 1954 2921 2388 3010; x_wconf 84' lang='lat' dir='ltr'>intelligam?</span> <span class='ocrx_word' id='word_1_106' title='bbox 2438 2922 2546 2987; x_wconf 83' lang='lat' dir='ltr'>Ex</span> <span class='ocrx_word' id='word_1_107' title='bbox 2592 2921 2819 3009; x_wconf 89' lang='lat' dir='ltr'>specie</span> <span class='ocrx_word' id='word_1_108' title='bbox 2875 2922 3092 2988; x_wconf 90' lang='lat' dir='ltr'>trium</span> 
     </span>
     <span class='ocr_line' id='line_1_17' title="bbox 808 3048 3093 3138; baseline -0.001 -22"><span class='ocrx_word' id='word_1_109' title='bbox 808 3074 881 3116; x_wconf 90' lang='lat' dir='ltr'>se</span> <span class='ocrx_word' id='word_1_110' title='bbox 913 3051 1472 3138; x_wconf 90' lang='lat' dir='ltr'>contingentium</span> <span class='ocrx_word' id='word_1_111' title='bbox 1519 3051 1958 3118; x_wconf 85' lang='lat' dir='ltr'>circulorum.</span> <span class='ocrx_word' id='word_1_112' title='bbox 2020 3050 2080 3115; x_wconf 88' lang='lat'>6.</span> <span class='ocrx_word' id='word_1_113' title='bbox 2121 3048 2481 3127; x_wconf 88' lang='lat' dir='ltr'>Quomodo</span> <span class='ocrx_word' id='word_1_114' title='bbox 2519 3072 2797 3116; x_wconf 90' lang='lat' dir='ltr'>sensum</span> <span class='ocrx_word' id='word_1_115' title='bbox 2836 3048 3093 3136; x_wconf 85' lang='lat' dir='ltr'>Pytha-</span> 
     </span>
     <span class='ocr_line' id='line_1_18' title="bbox 808 3176 3090 3266; baseline 0 -22"><span class='ocrx_word' id='word_1_116' title='bbox 808 3200 1019 3264; x_wconf 91' lang='lat' dir='ltr'>gorae</span> <span class='ocrx_word' id='word_1_117' title='bbox 1064 3177 1411 3264; x_wconf 86' lang='lat' dir='ltr'>attingam</span> <span class='ocrx_word' id='word_1_118' title='bbox 1457 3178 1800 3244; x_wconf 88' lang='lat' dir='ltr'>tetradem</span> <span class='ocrx_word' id='word_1_119' title='bbox 1863 3176 2265 3245; x_wconf 84' lang='lat' dir='ltr'>adorantis?</span> <span class='ocrx_word' id='word_1_120' title='bbox 2325 3177 2412 3243; x_wconf 92' lang='lat' dir='ltr'>In</span> <span class='ocrx_word' id='word_1_121' title='bbox 2477 3177 2703 3266; x_wconf 90' lang='lat' dir='ltr'>specie</span> <span class='ocrx_word' id='word_1_122' title='bbox 2772 3176 3090 3245; x_wconf 87' lang='lat' dir='ltr'>monadis</span> 
     </span>
     <span class='ocr_line' id='line_1_19' title="bbox 809 3302 3095 3389; baseline 0.001 -20"><span class='ocrx_word' id='word_1_123' title='bbox 809 3305 886 3369; x_wconf 92' lang='lat' dir='ltr'>in</span> <span class='ocrx_word' id='word_1_124' title='bbox 932 3303 1230 3387; x_wconf 78' lang='lat' dir='ltr'>diadem,</span> <span class='ocrx_word' id='word_1_125' title='bbox 1298 3304 1519 3369; x_wconf 88' lang='lat' dir='ltr'>diadis</span> <span class='ocrx_word' id='word_1_126' title='bbox 1565 3304 1643 3370; x_wconf 92' lang='lat' dir='ltr'>in</span> <span class='ocrx_word' id='word_1_127' title='bbox 1706 3304 2029 3389; x_wconf 86' lang='lat' dir='ltr'>triadem,</span> <span class='ocrx_word' id='word_1_128' title='bbox 2079 3302 2324 3370; x_wconf 87' lang='lat' dir='ltr'>triadis</span> <span class='ocrx_word' id='word_1_129' title='bbox 2370 3304 2447 3369; x_wconf 90' lang='lat' dir='ltr'>in</span> <span class='ocrx_word' id='word_1_130' title='bbox 2495 3303 2837 3388; x_wconf 89' lang='lat' dir='ltr'>tetradem</span> <span class='ocrx_word' id='word_1_131' title='bbox 2891 3309 2962 3371; x_wconf 91' lang='lat' dir='ltr'>et</span> <span class='ocrx_word' id='word_1_132' title='bbox 2996 3310 3095 3371; x_wconf 89' lang='lat' dir='ltr'>te-</span> 
     </span>
     <span class='ocr_line' id='line_1_20' title="bbox 809 3430 3095 3519; baseline 0.001 -23"><span class='ocrx_word' id='word_1_133' title='bbox 809 3430 1029 3497; x_wconf 90' lang='lat' dir='ltr'>tradis</span> <span class='ocrx_word' id='word_1_134' title='bbox 1087 3430 1164 3496; x_wconf 90' lang='lat' dir='ltr'>in</span> <span class='ocrx_word' id='word_1_135' title='bbox 1220 3432 1493 3498; x_wconf 90' lang='lat' dir='ltr'>nullum</span> <span class='ocrx_word' id='word_1_136' title='bbox 1540 3433 1987 3499; x_wconf 88' lang='lat' dir='ltr'>transeuntis.</span> <span class='ocrx_word' id='word_1_137' title='bbox 2036 3432 2144 3498; x_wconf 85' lang='lat' dir='ltr'>Ex</span> <span class='ocrx_word' id='word_1_138' title='bbox 2190 3430 2646 3499; x_wconf 84' lang='lat' dir='ltr'>similitudine</span> <span class='ocrx_word' id='word_1_139' title='bbox 2684 3431 2935 3519; x_wconf 88' lang='lat' dir='ltr'>puncti</span> <span class='ocrx_word' id='word_1_140' title='bbox 2980 3431 3095 3498; x_wconf 88' lang='lat' dir='ltr'>ha-</span> 
     </span>
     <span class='ocr_line' id='line_1_21' title="bbox 677 3558 3093 3649; baseline 0.001 -26"><span class='ocrx_word' id='word_1_141' title='bbox 677 3560 765 3623; x_wconf 85' lang='grc'>20</span> <span class='ocrx_word' id='word_1_142' title='bbox 810 3558 1040 3625; x_wconf 88' lang='lat' dir='ltr'>bentis</span> <span class='ocrx_word' id='word_1_143' title='bbox 1086 3558 1427 3625; x_wconf 87' lang='lat' dir='ltr'>rationem</span> <span class='ocrx_word' id='word_1_144' title='bbox 1475 3560 1797 3645; x_wconf 89' lang='lat' dir='ltr'>unitatis,</span> <span class='ocrx_word' id='word_1_145' title='bbox 1845 3560 2068 3628; x_wconf 88' lang='lat' dir='ltr'>lineae</span> <span class='ocrx_word' id='word_1_146' title='bbox 2115 3584 2292 3649; x_wconf 86' lang='lat' dir='ltr'>quae</span> <span class='ocrx_word' id='word_1_147' title='bbox 2329 3584 2454 3649; x_wconf 87' lang='lat' dir='ltr'>per</span> <span class='ocrx_word' id='word_1_148' title='bbox 2491 3560 2869 3628; x_wconf 87' lang='lat' dir='ltr'>transitum</span> <span class='ocrx_word' id='word_1_149' title='bbox 2906 3560 3093 3627; x_wconf 89' lang='lat' dir='ltr'>inter</span> 
     </span>
     <span class='ocr_line' id='line_1_22' title="bbox 810 3689 3092 3784; baseline 0.001 -31"><span class='ocrx_word' id='word_1_150' title='bbox 810 3689 946 3755; x_wconf 93' lang='lat' dir='ltr'>duo</span> <span class='ocrx_word' id='word_1_151' title='bbox 995 3689 1194 3775; x_wconf 89' lang='lat' dir='ltr'>signa</span> <span class='ocrx_word' id='word_1_152' title='bbox 1239 3689 1689 3776; x_wconf 86' lang='lat' dir='ltr'>intelligitur,</span> <span class='ocrx_word' id='word_1_153' title='bbox 1729 3690 2130 3784; x_wconf 84' lang='lat' dir='ltr'>superficiei·</span> <span class='ocrx_word' id='word_1_154' title='bbox 2165 3713 2342 3776; x_wconf 88' lang='lat' dir='ltr'>quae</span> <span class='ocrx_word' id='word_1_155' title='bbox 2379 3713 2464 3756; x_wconf 85' lang='lat' dir='ltr'>ex</span> <span class='ocrx_word' id='word_1_156' title='bbox 2501 3691 2807 3757; x_wconf 88' lang='lat' dir='ltr'>ternario</span> <span class='ocrx_word' id='word_1_157' title='bbox 2849 3697 2978 3774; x_wconf 88' lang='lat' dir='ltr'>est,</span> <span class='ocrx_word' id='word_1_158' title='bbox 3023 3698 3092 3756; x_wconf 90' lang='lat' dir='ltr'>et</span> 
     </span>
     <span class='ocr_line' id='line_1_23' title="bbox 810 3799 3090 3905; baseline 0.002 -24"><span class='ocrx_word' id='word_1_159' title='bbox 810 3816 1020 3903; x_wconf 90' lang='lat' dir='ltr'>primi</span> <span class='ocrx_word' id='word_1_160' title='bbox 1057 3815 1260 3883; x_wconf 87' lang='lat' dir='ltr'>solidi</span> <span class='ocrx_word' id='word_1_161' title='bbox 1293 3816 1479 3902; x_wconf 89' lang='lat' dir='ltr'>quod</span> <span class='ocrx_word' id='word_1_162' title='bbox 1517 3839 1600 3882; x_wconf 87' lang='lat' dir='ltr'>ex</span> <span class='ocrx_word' id='word_1_163' title='bbox 1633 3818 2105 3903; x_wconf 87' lang='lat' dir='ltr'>quaternario,</span> <span class='ocrx_word' id='word_1_164' title='bbox 2160 3818 2305 3885; x_wconf 87' lang='lat' dir='ltr'>sive</span> <span class='ocrx_word' id='word_1_165' title='bbox 2351 3799 2786 3904; x_wconf 81' lang='lat' dir='ltr'>pyramidem</span> <span class='ocrx_word' id='word_1_166' title='bbox 2825 3825 3090 3905; x_wconf 89' lang='lat' dir='ltr'>spectes</span> 
     </span>
     <span class='ocr_line' id='line_1_24' title="bbox 810 3944 3090 4031; baseline 0.001 -23"><span class='ocrx_word' id='word_1_167' title='bbox 810 3944 954 4009; x_wconf 83' lang='lat' dir='ltr'>sive</span> <span class='ocrx_word' id='word_1_168' title='bbox 1002 3944 1381 4031; x_wconf 89' lang='lat' dir='ltr'>sphaeram.</span> <span class='ocrx_word' id='word_1_169' title='bbox 1431 3945 1628 4011; x_wconf 91' lang='lat' dir='ltr'>Adde</span> <span class='ocrx_word' id='word_1_170' title='bbox 1664 3945 2176 4012; x_wconf 87' lang='lat' dir='ltr'>arithmeticam</span> <span class='ocrx_word' id='word_1_171' title='bbox 2215 3945 2585 4030; x_wconf 88' lang='lat' dir='ltr'>rationem,</span> <span class='ocrx_word' id='word_1_172' title='bbox 2629 3945 2793 4031; x_wconf 90' lang='lat' dir='ltr'>quia</span> <span class='ocrx_word' id='word_1_173' title='bbox 2828 3946 2861 4010; x_wconf 89' lang='lat'>1</span> <span class='ocrx_word' id='word_1_174' title='bbox 2898 3949 2938 4010; x_wconf 92' lang='grc'>2</span> <span class='ocrx_word' id='word_1_175' title='bbox 2973 3946 3013 4010; x_wconf 83' lang='grc'><strong>3</strong></span> <span class='ocrx_word' id='word_1_176' title='bbox 3045 3946 3090 4010; x_wconf 88' lang='lat'>4</span> 
     </span>
     <span class='ocr_line' id='line_1_25' title="bbox 808 4072 3087 4161; baseline 0 -22"><span class='ocrx_word' id='word_1_177' title='bbox 808 4072 1171 4139; x_wconf 87' lang='lat' dir='ltr'>denarium</span> <span class='ocrx_word' id='word_1_178' title='bbox 1203 4073 1580 4161; x_wconf 87' lang='lat' dir='ltr'>complent,</span> <span class='ocrx_word' id='word_1_179' title='bbox 1607 4074 1790 4159; x_wconf 87' lang='lat' dir='ltr'>quod</span> <span class='ocrx_word' id='word_1_180' title='bbox 1810 4080 2168 4161; x_wconf 87' lang='lat' dir='ltr'>sumptum</span> <span class='ocrx_word' id='word_1_181' title='bbox 2189 4080 2259 4140; x_wconf 92' lang='lat' dir='ltr'>et</span> <span class='ocrx_word' id='word_1_182' title='bbox 2290 4080 2724 4161; x_wconf 91' lang='lat' dir='ltr'>resumptum</span> <span class='ocrx_word' id='word_1_183' title='bbox 2757 4097 3087 4141; x_wconf 88' lang='lat' dir='ltr'>numerus</span> 
     </span>
    </p>
   </div>
   <div class='ocr_carea' id='block_1_6' title="bbox 676 4202 3090 4293">
    <p class='ocr_par' dir='ltr' id='par_1_6' title="bbox 676 4202 3090 4293">
     <span class='ocr_line' id='line_1_26' title="bbox 676 4202 3090 4293; baseline 0.002 -27"><span class='ocrx_word' id='word_1_184' title='bbox 676 4205 762 4267; x_wconf 74' lang='lat'>25</span> <span class='ocrx_word' id='word_1_185' title='bbox 811 4209 915 4268; x_wconf 89' lang='lat' dir='ltr'>est</span> <span class='ocrx_word' id='word_1_186' title='bbox 972 4202 1214 4268; x_wconf 88' lang='lat' dir='ltr'>omnis.</span> <span class='ocrx_word' id='word_1_187' title='bbox 1273 4204 1365 4267; x_wconf 90' lang='lat' dir='ltr'>Et</span> <span class='ocrx_word' id='word_1_188' title='bbox 1422 4202 1585 4288; x_wconf 83' lang='lat' dir='ltr'>quia</span> <span class='ocrx_word' id='word_1_189' title='bbox 1631 4203 1732 4268; x_wconf 90' lang='lat' dir='ltr'>ibi</span> <span class='ocrx_word' id='word_1_190' title='bbox 1777 4202 2085 4290; x_wconf 91' lang='lat' dir='ltr'>primum</span> <span class='ocrx_word' id='word_1_191' title='bbox 2141 4209 2211 4267; x_wconf 92' lang='lat' dir='ltr'>et</span> <span class='ocrx_word' id='word_1_192' title='bbox 2275 4203 2602 4269; x_wconf 89' lang='lat' dir='ltr'>ultimum</span> <span class='ocrx_word' id='word_1_193' title='bbox 2667 4204 3090 4293; x_wconf 87' lang='lat' dir='ltr'>simplicissi-</span> 
     </span>
    </p>
   </div>
   <div class='ocr_carea' id='block_1_7' title="bbox 1584 4378 1894 4386">
    <p class='ocr_par' dir='ltr' id='par_1_7' title="bbox 1584 4378 1894 4386">
     <span class='ocr_line' id='line_1_27' title="bbox 1584 4378 1894 4386; baseline 0 0"><span class='ocrx_word' id='word_1_194' title='bbox 1584 4378 1894 4386; x_wconf 95' lang='lat' dir='ltr'> </span> 
     </span>
    </p>
   </div>
   <div class='ocr_carea' id='block_1_8' title="bbox 1897 4379 2418 4387">
    <p class='ocr_par' dir='ltr' id='par_1_8' title="bbox 1897 4379 2418 4387">
     <span class='ocr_line' id='line_1_28' title="bbox 1897 4379 2418 4387; baseline 0 881"><span class='ocrx_word' id='word_1_195' title='bbox 1897 4379 2418 4387; x_wconf 95' lang='lat' dir='ltr'> </span> 
     </span>
    </p>
   </div>
   <div class='ocr_carea' id='block_1_9' title="bbox 2603 4381 3065 4388">
    <p class='ocr_par' dir='ltr' id='par_1_9' title="bbox 2603 4381 3065 4388">
     <span class='ocr_line' id='line_1_29' title="bbox 2603 4381 3065 4388; baseline 0 880"><span class='ocrx_word' id='word_1_196' title='bbox 2603 4381 3065 4388; x_wconf 95' lang='lat' dir='ltr'> </span> 
     </span>
    </p>
   </div>
   <div class='ocr_carea' id='block_1_10' title="bbox 992 4466 3082 4535">
    <p class='ocr_par' dir='ltr' id='par_1_10' title="bbox 992 4466 3082 4535">
     <span class='ocr_line' id='line_1_30' title="bbox 992 4466 3082 4535; baseline 0.003 -19"><span class='ocrx_word' id='word_1_197' title='bbox 992 4467 1040 4518; x_wconf 82' lang='lat'>4.</span> <span class='ocrx_word' id='word_1_198' title='bbox 1059 4468 1090 4516; x_wconf 88' lang='grc'>5</span> <span class='ocrx_word' id='word_1_199' title='bbox 1133 4466 1497 4533; x_wconf 79' lang='lat' dir='ltr'>apprehendo</span> <span class='ocrx_word' id='word_1_200' title='bbox 1626 4467 1687 4515; x_wconf 89' lang='grc'>12</span> <span class='ocrx_word' id='word_1_201' title='bbox 1721 4466 2064 4517; x_wconf 84' lang='lat' dir='ltr'>abstrahens</span> <span class='ocrx_word' id='word_1_202' title='bbox 2192 4468 2255 4517; x_wconf 88' lang='lat'>19</span> <span class='ocrx_word' id='word_1_203' title='bbox 2281 4467 2597 4519; x_wconf 80' lang='lat' dir='ltr'>traseuntis</span> <span class='ocrx_word' id='word_1_204' title='bbox 2722 4469 2785 4517; x_wconf 81' lang='grc'>22</span> <span class='ocrx_word' id='word_1_205' title='bbox 2807 4471 3082 4535; x_wconf 85' lang='lat' dir='ltr'>pyradem</span> 
     </span>
    </p>
   </div>
  </div>
 </body>
</html>
