3738 5268
1239 563 1871 611 con'rsMPLAronss
1913 564 2001 609 Ex
2046 564 2312 611 111111Μο.
2797 550 2909 609 221

627 728 803 798 parte
850 719 930 779 ad
975 719 1214 780 oculum
1248 720 1604 780 insultantis
1639 719 2097 795 incusantisque
2140 720 2435 781 materiae
2491 720 2914 799 deceptionem

627 837 1030 915 incurramus,
1056 837 1302 898 minime
1335 857 1481 898 vero
1513 845 1581 897 ut
1609 837 1952 898 absolutam
1983 837 2250 916 propriis
2278 838 2604 900 veritatem
2626 839 2914 919 numeri8‚

628 953 786 1014 sicut
837 953 898 1013 in
949 953 1120 1014 hisce
1163 953 1717 1031 speculationibus,
1762 953 2157 1031 attingamus.
2209 954 2355 1013 Alia
2400 954 2628 1034 quippe
2672 955 2917 1024 omnino

626 1078 769 1132 sunt
801 1072 1034 1150 praxiS,
1070 1071 1192 1130 alia
1228 1072 1787 1150 contemplationis;
1824 1079 1886 1132 et
1914 1072 2066 1132 haec
2100 1072 2220 1132 alia
2262 1073 2598 1133 secundum
2629 1081 2910 1152 naturae,

539 1182 580 1245 ὃ
626 1187 746 1246 alia
781 1187 1112 1248 secundum
1138 1194 1388 1249 nostrae
1431 1187 1653 1249 montis
1688 1187 2099 1249 conditionem
2138 1188 2458 1268 principia.

1518 1570 1824 1637 CAPVT
1894 1573 2025 1637 IX.

932 1766 1103 1821 Corpus
1128 1781 1274 1820 nequo
1303 1770 1455 1821 scipso
1485 1780 1631 1819 nequo
1657 1772 1786 1820 parto
1816 1769 1888 1809 sul
1912 1773 2101 1819 tangere
2125 1778 2289 1820 corpus
2313 1768 2383 1809 vel
2407 1768 2610 1820 planum.

806 1996 1188 2081 Vulgatum
1225 1994 1432 2059 nimis
1465 2000 1568 2059 est
1605 2000 1685 2059 ut
1721 2000 1971 2078 tangat
2010 1992 2308 2058 circulus
2341 1999 2550 2077 atque

630 2110 935 2199 Sphaera
965 2111 1250 2197 globum
1288 2117 1358 2175 et
1395 2110 1666 2196 cyclum
1704 2110 1778 2174 in
1815 2116 2104 2196 puncto,
2146 2109 2262 2174 sed
2296 2108 2759 2173 conditionem

496 2231 580 2294 10
623 2230 857 2314 Atque
890 2229 1167 2294 modum
1204 2251 1482 2315 prorsus
1515 2251 1655 2294 non
1693 2228 2071 2293 distinxere
2108 2228 2447 2314 magistri.

624 2346 950 2413 Pluribus
984 2353 1334 2414 ostensum
1372 2354 1473 2410 est
1510 2345 1740 2431 nobiS‚
1782 2351 1860 2412 ut
1891 2345 2232 2410 terminus
2262 2346 2455 2432 ipsus

626 2464 1051 2550 Simpliciter
1087 2471 1388 2551 punctus
1425 2463 1619 2529 nulla
1656 2469 1760 2527 est
1797 2485 1958 2548 pars
1991 2484 2116 2527 nec
2147 2461 2335 2527 valet
2374 2485 2544 2543 esse3

629 2580 1022 2659 Quamlibet
1060 2586 1129 2646 et
1165 2580 1532 2647 minimum
1570 2585 1967 2646 contactum
2004 2578 2320 2666 pluribus
2358 2602 2502 2644 esse

625 2698 1062 2785 Comperitur
1097 2701 1398 2787 punctis.
1437 2699 1675 2785 Neque
1715 2705 1822 2764 sat
1861 2705 2014 2764 tuto
2054 2697 2368 2785 inquiam
2406 2699 2632 2785 ipsum

497 2820 577 2882 15
623 2816 936 2903 Attingi,
978 2818 1172 2885 cuius
1210 2841 1370 2906 pars
1403 2840 1543 2883 non
1576 2815 1957 2902 attingitur
1988 2815 2147 2882 ulla.

625 2935 1194 3020 Quandoquidem
1231 2935 1442 3001 facies
1481 2935 1602 3000 ubi
1639 2934 2230 3021 circumplectitur
2262 2932 2487 3020 ample

623 3050 919 3136 Attiguo
957 3049 1120 3115 hinc
1152 3051 1437 3115 minime
1475 3049 1662 3115 dicas
1702 3050 2094 3136 contingier
2126 3050 2352 3137 ipsum
2862 3080 2910 3116 ιο

623 3168 758 3232 Per
790 3172 1073 3231 cunctas
1112 3172 1334 3230 totum
1371 3167 1656 3253 parteis,
1699 3167 1869 3251 quin
1903 3166 2042 3231 imo
2080 3189 2208 3231 nec
2244 3189 2485 3250 unam,

622 3281 902 3346 Extima
936 3281 995 3345 si
1025 3281 1237 3346 facies
1274 3304 1415 3347 non
1455 3283 1597 3347 ulla
1637 3291 1740 3347 est
1778 3305 1957 3368 pars
1996 3283 2237 3367 Neque
2275 3282 2495 3347 mixta

489 3398 579 3462 20
623 3397 796 3465 Cum
835 3400 1154 3483 veniunt,
1197 3407 1582 3484 coeuntque
1616 3399 1768 3465 istis
1808 3423 1963 3465 cum
2002 3401 2319 3488 partibus
2346 3399 2533 3483 illac,

624 3515 738 3580 Sic
775 3538 934 3602 pars
973 3515 1267 3602 attingit
1304 3523 1572 3603 partem
1611 3539 1752 3582 non
1784 3524 2011 3604 parte,
2050 3517 2168 3582 sed
2201 3539 2365 3599 unc,

621 3632 947 3698 Pluribus
987 3641 1107 3698 aut
1144 3634 1422 3720 punctis
1459 3633 1692 3717 faciei,
1735 3656 1909 3718 quae
1948 3656 2169 3718 neque
2203 3656 2361 3720 pars
2401 3639 2523 3698 est.
2865 3657 2911 3696 ιε.

622 3750 810 3834 Ergo
852 3749 908 3812 si
949 3756 1218 3836 partem
1257 3773 1417 3836 pars
1455 3749 1714 3834 tangit,
1756 3772 1881 3814 ceu
1918 3772 2190 3835 quoque
2230 3756 2455 3814 totum

621 3865 996 3951 Attiguum
1032 3866 1166 3930 toti
1201 3872 1330 3951 est,
1373 3889 1528 3931 cum
1567 3873 1950 3931 extremum
1990 3866 2307 3952 tangitur
2343 3865 2489 3930 eius

490 3979 576 4042 25
621 3981 848 4046 Huius
888 3981 975 4045 ab
1015 3987 1338 4047 extremo.
1377 3981 1637 4046 Verum
1674 4003 1815 4046 non
1853 3980 2171 4066 tangitur
2210 3981 2464 4068 ipsum,

621 4100 719 4165 At
757 4098 1085 4185 quiddam
1125 4099 1368 4187 ipsius,
1402 4122 1622 4185 neque
1660 4122 1821 4187 pars
1859 4099 2266 4185 attingitur,
2307 4096 2506 4184 atqui

623 4217 986 4283 Terminus
1023 4217 1137 4284 hic
1173 4217 1412 4305 partis,
1454 4218 1788 4294 Quocirca
1828 4217 2073 4281 mixtio
2111 4217 2302 4282 nulla
2353 4224 2455 4281 est
2859 4241 2911 4279 ρο

622 4332 878 4418 Ullius,
918 4338 997 4398 ut
1036 4339 1306 4398 constat
1343 4332 1632 4419 reperiri
1671 4354 1959 4420 corpora
1996 4331 2247 4419 prima,

623 4449 782 4516 Ulla
822 4472 995 4534 quae
1033 4472 1173 4514 non
1213 4456 1373 4515 sunt
1413 4449 1735 4534 cuiquam
1772 4447 2156 4535 penetralia
2196 4453 2396 4513 sorte.

489 4567 577 4630 30
622 4566 792 4630 Pars
817 4565 999 4651 potis
1038 4571 1141 4631 cst
1177 4573 1470 4652 partem,
1511 4573 1672 4652 pote
1711 4571 1936 4630 totum
1971 4564 2313 4650 attingere
2350 4571 2600 4648 totum,

2962 1584 3042 1645 p.
3070 1569 3215 1632 84
