3738 5268
859 509 974 568 174
1467 528 1746 575 IonnAm
1786 529 1990 574 Bssvm
2033 531 2122 574 nn
2162 532 2431 595 ummo,
2476 532 2519 575 1.

855 699 1008 756 quae
1072 679 1235 757 iguis
1302 681 1658 758 operatione
1721 694 2149 763 segregantur,
2210 686 2550 763 chirurgico
2605 707 2715 747 seu
2778 686 3123 747 anatomico

856 814 1024 873 care,
1046 815 1210 872 ossa,
1239 796 1441 874 nervi,
1468 797 1879 875 cartilagine3‚
1912 800 2132 877 pictori
2162 802 2389 881 capilli,
2417 822 2634 879 genae,
2669 803 2850 880 auris,
2881 802 3136 880 digium,

856 914 1092 988 oculus;
1158 914 1301 989 quia
1354 914 1651 993 pictorem
1705 936 1826 975 non
1881 916 2059 979 decet
2122 918 2485 997 profundius
2547 920 2848 999 principia
2902 919 3141 982 formae

855 1035 1176 1096 exterioris
1207 1034 1536 1113 inspicere,
1562 1034 1940 1113 chirurgicus
1970 1044 2144 1098 extra
2168 1058 2311 1098 suas
2334 1046 2529 1099 metas
2563 1039 2774 1099 harum
2799 1037 3134 1117 primarum

766 1153 808 1216 5
855 1152 974 1213 sibi
1008 1153 1278 1231 partium
1322 1161 1532 1231 partes
1573 1152 1651 1212 ad
1704 1153 1871 1212 aliud
1910 1173 2103 1231 genus
2138 1156 2446 1216 transiens
2486 1156 2766 1234 accipere
2801 1156 3133 1232 niteretur,

855 1273 1126 1333 medicus
1182 1271 1440 1332 ridicule
1496 1291 1631 1331 cum
1679 1270 2046 1350 philosopho
2101 1294 2137 1332 a
2169 1272 2365 1349 magis
2414 1272 2768 1351 particulari
2827 1273 3139 1333 abstrahe-

856 1396 954 1448 ret
987 1388 1281 1466 subiect0,
1322 1388 1732 1466 Empedocles
1766 1409 1803 1448 a
1836 1387 2050 1465 primis
2093 1387 2485 1449 sensibilibus
2514 1388 2768 1466 physice
2802 1388 3134 1465 exorditur,

857 1508 1042 1567 Plato
1088 1528 1125 1568 a
1159 1508 1374 1585 primis
1403 1505 1666 1584 quantis,
1709 1508 2105 1586 Pythagoras
2156 1530 2189 1568 a
2239 1507 2450 1585 primis
2483 1506 2861 1587 simpliciter.
2905 1509 3141 1570 Tamen

858 1624 1028 1703 prius
1066 1634 1161 1686 est
1197 1624 1617 1703 Pythagorica
1658 1645 1895 1698 monas,
1931 1646 2109 1702 quam
2144 1646 2357 1685 monas
2393 1626 2617 1687 alicubi
2652 1627 2794 1703 sita;
2839 1628 3010 1704 prius
3046 1634 3144 1687 est

729 1743 814 1806 10
858 1741 1115 1802 materia
1158 1761 1478 1820 corporum
1526 1741 1809 1820 Platoni,
1854 1763 2033 1818 quam
2063 1763 2320 1822 corpora
2353 1743 2701 1820 qualificata
2754 1742 3136 1823 Empedocli;

863 1860 1034 1938 prius
1068 1867 1209 1920 sunt
1251 1869 1512 1937 quatuor
1540 1854 1841 1939 simplicia
1875 1861 2262 1941 Empedocli,
2302 1884 2480 1939 quam
2504 1873 2765 1940 quatuor
2798 1865 3030 1941 primae
3065 1863 3142 1924 de

864 1976 1240 2056 simplicibus
1294 1977 1745 2055 complexiones
1777 1978 2035 2039 medico.
2078 1980 2176 2039 Ita
2209 1981 2445 2058 reliqua
2489 1982 2618 2042 suis
2661 1981 2976 2041 ordinibus
3011 2001 3149 2041 con-

859 2103 1218 2173 sequuntur,
1254 2102 1317 2155 et
1349 2094 1411 2153 in
1452 2094 1620 2155 scala
1648 2094 1949 2155 scibilium
1991 2096 2105 2155 hae
2148 2096 2393 2174 quidem
2434 2098 2511 2157 ab
2551 2097 2982 2170 inferioribus,
3014 2098 3133 2160 hae

861 2231 1007 2272 vero
1042 2231 1077 2271 a
1112 2210 1530 2290 superioribus
1562 2211 1856 2287 gradibus
1892 2212 2184 2275 scientiae
2225 2215 2540 2275 exordium
2583 2224 2645 2275 et
2696 2216 2892 2296 prima
2946 2216 3130 2277 susci·

733 2335 814 2399 15
862 2328 1038 2408 piunt
1069 2329 1388 2389 elementa.
1423 2328 1498 2388 Iu
1532 2327 1814 2406 analogia
1839 2329 2029 2408 igitur
2056 2331 2315 2408 quadam
2351 2332 2412 2392 in
2439 2332 2971 2412 contemplationis
3007 2333 3130 2394 uni·

864 2447 1159 2508 versitate
1192 2446 1502 2506 minimum
1536 2455 1719 2522 atque
1755 2446 2117 2526 principium
2151 2457 2248 2509 est
2283 2450 2643 2511 consistens.

1021 2563 1055 2610 Ἥ
1097 2568 1191 2628 38.
1236 2567 1402 2646 Ergo
1437 2566 1556 2626 iam
1590 2566 1670 2626 ad
1697 2586 2017 2629 mensurae
2060 2588 2254 2645 genus
2281 2570 2638 2644 redeuntes,
2679 2571 3136 2632 consideramus

861 2694 931 2748 ut
971 2687 1065 2748 sol
1105 2685 1225 2746 iste
1268 2706 1403 2746 cum
1438 2686 1675 2765 synodo
1711 2686 2094 2764 planetarum
2135 2687 2213 2746 ad
2246 2707 2532 2764 magnum
2561 2689 2847 2748 mundum
2878 2698 2976 2750 est
3011 2709 3143 2750 cen-

864 2811 1024 2865 trum
1070 2813 1134 2865 et
1175 2804 1486 2864 minimum
1522 2804 1839 2882 quiddam,
1878 2812 1947 2866 ut
1979 2805 2261 2868 minimus
2296 2807 2453 2869 alius
2498 2809 2835 2885 quicunque
2886 2829 2963 2868 ex
2994 2807 3141 2870 visi-

731 2927 819 2990 20
861 2923 1089 2985 bilibus
1123 2921 1386 2983 minimis
1421 2942 1554 2982 cum
1591 2923 1719 2983 suis
1738 2922 2003 3001 planetis
2027 2925 2452 2986 circumversis
2485 2946 2607 2985 non
2628 2925 2779 2987 facit
2812 2927 3141 2988 notabilem

865 3038 1305 3099 dimensionem
1338 3038 1543 3116 ullam,
1582 3038 1686 3116 qui
1717 3039 1933 3099 maiori
1967 3040 2260 3101 distantia
2290 3062 2325 3100 a
2359 3042 2495 3103 visu
2530 3041 2887 3121 seiungitur.
2924 3044 3138 3104 Tellus

863 3156 985 3217 ista
1026 3156 1104 3216 ad
1138 3166 1419 3216 octavam
1452 3176 1631 3231 quam
1674 3143 2082 3233 imaginantur
2114 3158 2437 3237 sphaeram
2490 3160 2802 3221 minimum
2854 3169 2976 3238 est,
3035 3160 3145 3221 cir-

865 3273 1037 3334 culus
1077 3273 1139 3331 in
1179 3273 1362 3351 plano
1400 3271 1751 3351 adscriptus
1786 3272 1864 3332 ad
1899 3274 2208 3351 tellurem,
2247 3283 2510 3354 punctus
2553 3277 2617 3336 in
2658 3277 2859 3338 medio
2913 3277 2991 3336 ad
3026 3277 3139 3336 cir-

866 3390 1090 3468 culum,
1128 3408 1284 3469 apex
1316 3389 1379 3450 in
1413 3390 1543 3450 eius
1578 3398 1787 3451 centro
1822 3390 1901 3450 ad
1936 3399 2243 3470 punctum.

736 3759 823 3823 25
1766 3753 2073 3822 OAPVT
2119 3756 2248 3822 XI.

1376 3928 1430 3968 In
1461 3931 1584 3969 omni
1606 3941 1772 3980 genero
1795 3931 2017 3981 graduato
2043 3934 2275 3975 mlnimum
2306 3947 2403 3975 csse
2433 3941 2629 3986 oportet.

1045 4137 1140 4202 Et
1177 4136 1645 4203 subiectorum
1682 4138 1877 4204 varia
1912 4161 2037 4227 pro
2079 4139 2498 4222 conditione,

873 4252 1130 4318 Divino
1169 4260 1238 4318 et
1276 4253 1499 4339 logico
1538 4261 1607 4320 et
1644 4255 1929 4342 physico
1968 4257 2504 4344 harmonjooque
2542 4265 2937 4343 metraeque

873 4369 1173 4456 Expedit
1211 4393 1250 4435 a
1288 4370 1576 4436 minimo
1615 4378 1936 4438 naturam
1973 4373 2359 4461 expandere
2397 4397 2646 4440 rerum.

1062 4546 1122 4595 13
1155 4546 1350 4597 schala
1474 4547 1540 4598 25
1572 4547 1737 4616 X1]X
