3738 5268
1252 548 1888 595 conrmwmnonss
1929 549 2018 593 Ex
2059 550 2322 596 ummo,
2819 538 2940 596 215

639 706 891 772 Rarior
929 706 1252 791 efficitur,
1287 729 1574 792 suigens
1613 705 1790 771 facie
1828 706 2041 793 inque
2077 707 2498 795 profundum

640 823 1063 910 Compressa.
1101 823 1209 888 Ex
1248 845 1399 888 cera
1439 821 1744 889 confusis
1778 823 2100 909 partibus
2133 847 2351 910 aeque
2883 854 2936 892 25

641 938 809 1003 Esse
847 944 1075 1025 potest
1119 938 1559 1024 triquetrum,
1603 937 1965 1023 quadrum,
1998 939 2249 1025 globus
2287 946 2357 1007 et
2394 948 2555 1028 pote
2596 941 2934 1027 quidquid

641 1054 943 1120 Confusa
980 1054 1249 1120 ratione
1287 1054 1555 1138 datum,
1595 1076 1736 1120 non
1775 1063 1924 1120 arte
1961 1063 2332 1142 repertum.

554 1166 595 1229 5
641 1170 890 1237 Verius
922 1170 997 1234 in
1034 1170 1240 1256 plano
1279 1170 1464 1235 valet
1501 1169 1690 1235 istud
1728 1170 2015 1237 metrica
2047 1194 2290 1237 norma

644 1285 986 1368 Pandere,
1025 1292 1095 1350 et
1133 1307 1440 1351 errorum
1472 1285 1621 1351 sine
1659 1286 2077 1374 suspicione,
2117 1289 2449 1375 venitque

644 1402 971 1467 Partibus
1019 1425 1055 1467 e
1093 1402 1359 1467 cunctis
1396 1402 1602 1489 plane
1639 1402 2179 1490 inspiciendum,
2220 1404 2343 1470 ubi
2378 1405 2598 1492 possit
2884 1434 2938 1473 30

645 1518 1096 1605 Compactum
1133 1525 1361 1584 totum
1392 1519 1793 1605 pariterque
1831 1526 1903 1585 et
1942 1520 2249 1606 undique
2288 1522 2503 1603 cerni3

645 1633 846 1710 Quod
877 1633 1120 1718 nequit
1157 1634 1233 1698 in
1271 1656 1512 1722 campo
1542 1635 1966 1721 glomeratae
2005 1637 2339 1702 materiei.

515 1746 601 1809 10
643 1750 737 1814 Et
769 1749 984 1816 veluti
1023 1749 1306 1815 laterale
1340 1751 1585 1836 nequit
1623 1750 2115 1837 sphaeraleque
2153 1752 2372 1818 tantis

646 1865 877 1951 Atque
909 1872 1017 1931 tot
1055 1888 1199 1931 esse
1238 1866 1481 1950 tomiS,
1518 1872 1757 1953 pateat
1789 1889 1997 1953 quam
2030 1890 2343 1953 quaeque
2381 1869 2605 1954 figura

645 1981 869 2048 Certis
910 1983 1242 2049 consistat
1278 1983 1614 2068 numeris,
1656 1991 1842 2049 certo
1881 1984 2123 2049 ordine
2156 1993 2435 2050 crescat.
2884 2013 2938 2051 35

647 2097 825 2163 Nam
858 2098 1346 2184 queiscumque
1383 2097 1589 2163 datur
1627 2099 2045 2184 triquetrum
2086 2100 2216 2165 tibi
2255 2100 2576 2187 partibus
2609 2107 2890 2166 auctum

643 2213 794 2279 Hoc
831 2213 1048 2296 latus,
1085 2220 1165 2278 ut
1204 2221 1481 2279 maneat
1520 2214 1780 2301 species
1812 2214 1981 2280 haec
2021 2236 2195 2299 quae
2232 2224 2395 2281 ante
2433 2216 2788 2299 manebat,

527 2326 606 2390 15
653 2328 781 2394 Est
812 2352 1056 2416 operae
1094 2336 1172 2394 ut
1211 2336 1518 2395 crescant
1556 2330 1818 2416 pariter
1853 2330 2073 2396 latera
2113 2332 2372 2416 omnia,
2414 2332 2735 2417 idemque

645 2446 732 2509 In
768 2444 1055 2531 reliquis
1094 2445 1360 2510 cunctis
1399 2446 1802 2512 lateralibus
1834 2470 1981 2512 esse
2018 2447 2357 2530 videmus;

651 2562 1220 2649 Quandoquidem
1258 2561 1464 2627 series
1503 2562 1739 2628 eadem
1779 2570 1900 2648 est,
1935 2586 2181 2652 nempe
2221 2564 2484 2652 impare
2515 2571 2830 2629 crescunt
2887 2594 2941 2630 .ιο

647 2682 990 2767 Perpetuo
1028 2703 1340 2765 numere,
1383 2679 1604 2746 forma
1644 2688 1721 2745 ut
1759 2689 2121 2746 serventur
2159 2682 2233 2746 in
2269 2705 2428 2746 una.

647 2798 962 2864 Circulus
1000 2821 1038 2863 e
1075 2805 1313 2865 contra
1344 2798 1629 2885 paribus
1671 2799 2053 2884 consurgit,
2091 2805 2160 2862 et
2199 2798 2382 2863 idem

515 2906 604 2969 20
649 2914 1040 3001 Imparibus
1079 2924 1392 2980 constare
1430 2914 1636 2979 tomis
1672 2915 1912 2997 (veluti
1951 2913 2267 2980 laterales

646 3030 934 3095 Alterne
972 3031 1240 3095 numeri
1277 3030 1675 3095 discrimina
1713 3029 1987 3113 habere)
2026 3030 2322 3096 videtur.

648 3146 791 3212 Nec
829 3153 897 3211 te
934 3153 1320 3234 praetereat
1356 3147 1529 3213 bene
1567 3169 1773 3232 quam
1811 3170 1938 3233 pro
1976 3168 2321 3233 gnomone
2358 3147 2576 3235 possis
2885 3176 2937 3214 45

648 3261 1070 3327 Continuum
1107 3262 1375 3327 variare
1413 3262 1566 3327 aliis
1603 3262 1937 3347 finireque
1971 3263 2206 3348 costiS,

648 3379 745 3444 Ut
781 3379 1011 3465 potuit
1049 3378 1233 3444 tauri
1269 3379 1518 3465 pellem
1555 3400 1678 3465 per
1717 3378 1937 3443 millia
1976 3382 2255 3465 passum

515 3493 601 3556 25
648 3493 956 3559 Tendere
994 3494 1284 3560 concisis
1323 3494 1457 3559 filis
1496 3493 1943 3578 Carthaginis
1981 3494 2164 3559 altae

647 3610 1062 3693 Fundatrix,
1103 3610 1319 3675 animi
1359 3617 1708 3695 quantum
1748 3610 2093 3675 sententia
2131 3611 2361 3694 iussit,

650 3727 740 3791 Et
781 3727 1089 3792 subiecta
1123 3726 1328 3810 (sient
1363 3746 1772 3812 quacunque
1812 3726 2044 3792 oblata
2082 3727 2330 3812 figura)
2889 3755 2941 3792 ευ

647 3844 733 3907 In
771 3843 1185 3928 triquetrum
1221 3842 1424 3908 facile
1462 3843 1796 3928 invertas,
1839 3866 2164 3908 numerus
2203 3844 2496 3908 laterum
2536 3842 2594 3908 si

649 3959 991 4024 Continue
1030 3960 1103 4023 in
1139 3960 1424 4044 longum
1465 3982 1698 4025 versus
1737 3959 2144 4046 migraverit
2180 3981 2423 4042 unum,

517 4077 605 4139 30
651 4077 882 4160 Atque
918 4074 1197 4141 modum
1235 4075 1572 4160 triquetro
1613 4075 1826 4141 faciat
1868 4098 2040 4162 quae
2072 4074 2315 4140 defluit
2354 4075 2499 4140 eius

649 4191 715 4255 A
752 4197 987 4256 centro
1021 4191 1094 4254 in
1135 4191 1435 4255 medium
1473 4191 1709 4256 lateris
1746 4198 1933 4256 recta
1971 4215 2050 4256 ac
2089 4192 2289 4256 modo
2329 4192 2415 4256 ad
2453 4192 2738 4278 anglum

651 4306 939 4372 Adieeta
980 4314 1083 4372 est
1121 4315 1384 4372 rectum
1422 4314 1646 4372 rectae
1686 4308 1849 4372 iisce
1890 4331 1972 4371 ex
2012 4307 2332 4372 omnibus
2370 4309 2518 4388 uni;

665 4471 702 4477 ——
849 4473 930 4476 †——
1343 4474 1400 4478 ἶ*
1545 4475 1616 4480 m
1936 4477 1947 4480 ,
2016 4477 2027 4480 ,
2078 4477 2085 4480 ,
2174 4477 2181 4480 ,
2644 4471 2921 4479 Ῑῆῐῌψ·

834 4572 913 4623 31.
933 4574 996 4623 32
1027 4575 1279 4641 anglum.
1316 4574 1558 4627 Adiecta
