3738 5268
864 498 978 556 152
1484 516 1759 562 mimam
1803 517 2004 561 imvm
2051 517 2140 561 m:
2181 518 2450 580 nimum,
2495 519 2537 564 1.

854 670 1010 734 Non
1049 670 1328 736 dabitur
1365 694 1689 736 numerus
1726 672 1966 737 finitus
1998 696 2124 738 nec
2162 675 2310 739 sine
2349 675 2512 758 fine,
3091 702 3146 740 45

854 785 1425 872 Quandoquidem
1464 810 1702 852 monas
1737 796 1841 854 est
1881 812 2165 855 numero
2206 790 2594 856 substantia
2631 797 2807 874 tota,

853 902 1309 989 Conditioque
1356 904 1609 991 duplex
1646 905 2011 971 discursus.
2051 905 2436 972 Adjicienti

853 1021 1219 1107 Conceptis
1258 1022 1516 1109 species
1553 1022 1910 1108 speciebus
1947 1023 2138 1088 obire
2178 1046 2474 1109 superne

763 1144 805 1209 ὃ
852 1141 1233 1207 Conveniet
1265 1164 1558 1229 semper,
1598 1141 1981 1206 removenti
2020 1142 2392 1207 occursitat
2434 1141 2667 1206 imum.

851 1256 948 1320 At
984 1279 1147 1321 vero
1194 1256 1445 1322 molem
1482 1257 1541 1321 si
1581 1257 1735 1342 quis
1773 1257 2145 1344 dispescat,
2187 1258 2363 1322 alius
3088 1285 3142 1323 50

852 1373 1195 1439 Obtrudet
1232 1373 1504 1459 generis
1542 1382 1804 1461 partes,
1845 1374 1976 1440 hoc
2014 1374 2256 1440 ordine
2295 1397 2540 1460 nempe

853 1488 1002 1566 Quo
1042 1513 1308 1577 semper
1344 1499 1574 1576 partes
1612 1491 1791 1557 ratio
1830 1491 1912 1556 de
1951 1491 2268 1577 partibus
2306 1491 2551 1555 aufert.

849 1605 1081 1670 Tertia
1118 1628 1278 1693 pars
1317 1607 1584 1691 quoties
1621 1607 2010 1692 exquiritur
2046 1606 2275 1687 unius,
2311 1612 2518 1690 atque

719 1722 805 1788 10
850 1721 1155 1788 Centena
1193 1723 1415 1805 istius,
1459 1723 1650 1788 cuius
1684 1722 1767 1788 de
1806 1723 2113 1788 millibus
2149 1746 2360 1788 unam

848 1840 1169 1928 Accipias
1207 1863 1505 1923 rursum,
1546 1847 1753 1926 atque
1790 1841 2044 1906 iterum
2077 1840 2198 1906 has
2231 1842 2620 1926 iterumque
2653 1863 2986 1927 reposcas.
3083 1865 3137 1906 55

850 1955 964 2020 An
1003 1957 1127 2040 sic,
1168 1957 1406 2041 stulte,
1446 1963 1651 2043 putas
1689 1964 2013 2022 naturam
2051 1979 2408 2023 excurrere
2445 1979 2643 2043 posse

852 2075 1081 2159 Atque
1122 2082 1365 2159 artem,
1407 2076 1619 2140 moles
1658 2076 1854 2160 quasi
1888 2084 2196 2142 tractans
2235 2076 2551 2142 materiei

851 2191 1006 2256 Non
1043 2213 1349 2276 unquam
1387 2199 1765 2257 extremam
1796 2194 2022 2258 valeat
2060 2193 2461 2278 contingere
2495 2195 2792 2258 metam?

720 2369 801 2433 15
1007 2377 1040 2423 τί
1080 2368 1132 2424 1.
1173 2366 1261 2423 14.
1306 2363 1641 2440 Vulgatum
1677 2371 1805 2440 est,
1856 2362 2208 2422 continuum
2261 2360 2563 2423 dividenti
2596 2370 2854 2422 naturae
2898 2368 2962 2424 et
3014 2361 3133 2420 arti

850 2499 1174 2554 numquam
1209 2500 1280 2539 eo
1310 2478 1639 2541 deventum
1674 2479 1774 2555 iri,
1812 2487 1880 2538 ut
1915 2497 2023 2539 eae
2054 2487 2412 2539 succurrant
2443 2487 2679 2557 parteS,
2711 2498 2867 2555 quae
2894 2477 2954 2536 in
2979 2477 3134 2536 alias

849 2616 1089 2657 rursum
1123 2602 1333 2676 partes
1369 2594 1633 2657 discindi
1666 2603 2002 2672 nequeant;
2038 2596 2215 2672 quasi
2250 2595 2337 2657 ita
2371 2594 2433 2654 in
2482 2594 2758 2656 subiecto
2811 2593 3137 2656 conveniat

846 2716 998 2776 reali
1020 2715 1295 2794 potentia
1316 2736 1352 2775 a
1373 2714 1651 2794 partibus
1675 2715 1753 2774 ad
1774 2724 1985 2793 partes
2009 2715 2162 2775 alias
2187 2714 2624 2793 perceptibiles
2646 2712 2968 2791 proficisci,
2991 2732 3134 2790 que-

846 2833 1234 2893 madmodum
1268 2832 1687 2893 ratiocinando
1722 2832 1936 2893 habita
1965 2831 2288 2892 millesima
2313 2831 2490 2891 unius
2516 2830 2695 2908 digiti
2723 2838 2923 2908 part-e,
2951 2828 3128 2889 unius

714 2960 803 3024 20
847 2952 1210 3014 millesimae
1250 2971 1575 3031 possumus
1610 2972 1906 3029 quaerere
1940 2952 2139 3012 adhuc
2166 2952 2348 3011 aliam
2377 2952 2786 3029 millesimam,
2828 2949 3125 3027 uniusque

847 3069 1059 3130 harum
1089 3071 1516 3141 centesimam,
1552 3078 1615 3130 et
1651 3072 1826 3130 unius
1861 3092 1936 3131 ex
1970 3070 2066 3130 his
2100 3071 2452 3131 centesimis
2488 3070 2816 3148 decimam,
2854 3077 2915 3130 et
2948 3070 3128 3129 unius

848 3207 922 3248 ex
957 3188 1051 3246 his
1082 3188 1335 3249 decimis
1369 3187 1782 3266 millesimam,
1819 3195 1884 3248 et
1919 3188 2003 3247 ita
2038 3190 2169 3249 sine
2199 3190 2317 3249 fine
2348 3188 2722 3268 procedendi
2765 3187 2966 3248 nullus
3006 3207 3128 3247 um-

847 3325 1027 3381 quam
1061 3303 1276 3366 modus
1311 3313 1644 3380 statuatur3
1689 3325 1759 3365 ac
1793 3306 1847 3365 si
1881 3326 2000 3366 non
2036 3305 2284 3366 differat
2314 3307 2403 3365 ita
2444 3306 2816 3366 numerando
2862 3304 3130 3364 multitu-

847 3420 1049 3481 dinem
1083 3422 1457 3482 multitudini
1500 3422 1792 3501 adiicere,
1842 3430 2024 3500 atque
2066 3423 2396 3483 dividendo
2431 3423 2910 3500 magnitudinem
2941 3443 2976 3481 a
3008 3441 3130 3481 ma-

713 3545 798 3611 ‘25
846 3540 1165 3619 gnitudine
1201 3542 1591 3620 subtrahere,
1629 3542 1911 3619 idemque
1939 3542 2022 3603 sit
2049 3541 2425 3603 descendere
2460 3543 2725 3603 secando
2755 3543 3122 3619 continuum,

845 3667 1029 3736 atque
1076 3659 1408 3719 ascendere
1461 3658 1919 3738 multiplicando
1970 3659 2323 3736 discretum,
2385 3667 2568 3735 atque
2619 3680 2736 3718 una
2788 3659 3122 3735 eademque

846 3776 1002 3837 ratio
1039 3777 1123 3837 sit
1158 3777 1427 3855 oppositi
1468 3778 1647 3838 huius
1683 3786 1746 3838 et
1788 3777 1955 3839 illius
2008 3778 2266 3856 ordinis,
2323 3778 2674 3855 diversique
2728 3779 2938 3839 harum
2994 3778 3126 3838 illa-

848 3915 1099 3972 rumque
1136 3896 1401 3974 partium
1435 3896 1700 3974 generis

1009 4016 1041 4061 Ἣ
1076 4016 1172 4074 22.
1216 4015 1411 4073 Porro
1433 4013 1613 4073 nobis
1635 4014 2022 4074 statuendum
2060 4022 2179 4085 est,
2214 4015 2528 4074 materiam
2560 4012 2791 4073 finitam
2821 4021 3132 4091 quantam-

718 4128 804 4191 3O
850 4148 1105 4206 cumque
1142 4131 1441 4190 obiectam
1478 4131 1756 4209 partibus
1790 4141 2072 4191 constare
2107 4151 2226 4191 non
2280 4130 2557 4206 infinitis,
2617 4130 2711 4189 cui
2764 4129 3129 4208 apponendo

848 4246 1353 4324 magnitudinem,
1390 4247 1549 4307 sicut
1581 4255 1643 4307 et
1676 4268 1926 4308 numero
1951 4247 2121 4308 finito
2151 4246 2617 4324 multitudinem,
2659 4247 2959 4306 infinitum
2996 4266 3127 4325 per-

850 4383 1095 4423 currere
1128 4362 1293 4423 licet.
1332 4364 1383 4420 E
1420 4372 1631 4423 contra
1665 4386 1811 4424 vero
1856 4385 1892 4423 a
1931 4365 2105 4424 finita
2140 4363 2557 4441 magnitudine
2593 4372 2801 4442 partes
2838 4362 3131 4423 adimanti

854 4490 933 4495 *A
980 4488 1077 4495 m—
1222 4490 1235 4493 ff
1258 4490 1297 4493 *7
1358 4490 1581 4493 -ῌ--ή-
1606 4490 1643 4493 --
1662 4492 1833 4493 ῙΫῙῙ
1887 4490 1898 4493 ,
1941 4490 1950 4493 -
1975 4492 1982 4493 7
2009 4492 2072 4495 ἡὴγ
2189 4491 2284 4495 ῌῌ
2313 4490 2364 4495 ῘᾼᾹ
2453 4490 2464 4493 -
2491 4492 2500 4495 v
2563 4492 2578 4493 j
2663 4490 2764 4494 -—-*
2795 4490 2842 4494 ἡ
2905 4488 3133 4497 r-——ffl

1035 4547 1099 4600 29
1129 4561 1347 4597 numero
1374 4546 1436 4598 42

756 4922 1239 5113 .f*'*q‘x
