3738 5268
845 502 958 565 188
1439 517 1718 565 mamm
1761 518 1963 565 Bavm
2007 521 2096 564 ns
2135 518 2407 582 ummo,
2451 517 2518 563 11.

837 672 1107 733 refertur
1147 673 1500 750 multitudo;
1550 673 1712 750 quod
1768 676 2029 754 primum
2076 676 2447 753 subiectum,
2498 674 2760 753 primum
2804 672 3118 750 exemplar

842 799 904 852 et
955 791 1215 869 primum
1271 810 1465 868 agens
1507 791 1591 851 sit
1624 791 2113 852 existimandum.
2166 793 2243 852 In
2294 792 2412 852 hoc
2463 791 2569 851 ubi
2620 811 2830 852 sumus
2864 807 3121 866 genere,

841 913 1262 991 magnitudine
1285 913 1683 993 despicabile,
1708 914 2029 991 modicum,
2051 914 2361 973 minimum
2396 924 2494 974 est
2520 913 2749 974 virtute
2777 912 3121 988 maximum,

840 1054 1143 1112 magnum,
1177 1042 1401 1110 totum;
1439 1033 1632 1095 veluti
1668 1034 1938 1094 scintilla
1970 1034 2206 1094 urentis
2238 1033 2426 1112 igniS,
2466 1034 2517 1093 si
2551 1032 2809 1094 materia
2842 1031 3124 1092 subiicia-

754 1147 795 1209 5
843 1158 941 1209 tur
967 1158 1033 1209 et
1066 1149 1342 1228 operatio
1371 1170 1491 1209 non
1525 1150 1988 1227 interturbatur,
2022 1150 2085 1209 in
2120 1149 2420 1210 infinitum
2465 1170 2532 1211 se
2566 1168 2910 1229 propagare
2937 1147 3123 1222 valet,

845 1266 1032 1326 nihilo
1071 1267 1389 1347 (quidquid
1425 1268 1507 1328 sit
1541 1267 1617 1328 de
1654 1269 1820 1347 actu)
1856 1267 2130 1327 eiusdem
2166 1266 2541 1345 impediente
2575 1265 2933 1345 potentiam.

1002 1398 1034 1443 ‘a
1079 1384 1250 1445 Sicut
1283 1406 1604 1464 corporum
1642 1385 1943 1461 quaedam
1983 1383 2302 1462 facillime,
2342 1383 2641 1461 quaedam
2673 1402 2888 1461 aegre,
2952 1401 3131 1459 quae·

846 1499 982 1560 dam
1019 1520 1166 1561 vero
1203 1501 1542 1579 aegerrime
1575 1501 2014 1577 illuminantur,
2056 1509 2482 1580 penetrantur,
2522 1499 2997 1576 inflammantur,
3043 1499 3131 1559 ita

844 1639 1162 1698 sensuum,
1192 1621 1571 1697 ingeniorum
1605 1628 1665 1680 et
1691 1620 2110 1680 intellectuum
2145 1619 2443 1697 quaedam
2475 1618 2819 1698 promptius
2847 1616 3132 1678 veritatis

716 1731 799 1793 10
844 1735 1040 1796 lucem
1074 1705 1576 1815 apprehendunt,
1633 1744 1697 1797 et
1746 1738 1923 1813 quasi
1979 1743 2301 1813 cognatam
2354 1735 2553 1795 animo
2608 1735 2967 1810 qualitatem
3021 1732 3133 1792 im-

842 1852 1061 1928 buunt;
1097 1853 1289 1912 multa
1321 1851 1514 1913 variis
1555 1860 1740 1927 atque
1773 1852 2052 1931 pluribus
2086 1861 2301 1913 contra
2327 1851 2665 1912 naturalem
2702 1850 2997 1929 impetum
3031 1848 3135 1908 de-

845 1966 1199 2045 flectuntur,
1239 1976 1302 2030 et
1343 1969 1797 2048 impedimentis
1839 1970 2199 2049 perturbata
2232 1969 2606 2044 subsistunt;
2663 1967 2923 2045 plurima
2955 1985 3129 2041 ver0,

845 2086 1018 2161 quasi
1052 2084 1390 2163 potentiam
1426 2085 1646 2146 sortita
1679 2093 2144 2165 repugnantem,
2173 2086 2367 2164 primo
2411 2083 2857 2145 inhabilissima
2890 2090 3034 2143 sunt
3066 2089 3135 2141 ut

844 2203 1114 2281 sapiant,
1151 2204 1419 2264 secundo
1463 2202 1734 2281 lucifuga
1768 2205 2089 2265 aversione
2142 2205 2402 2281 quadam
2455 2211 2693 2263 scutum
2746 2208 2889 2261 ante
2922 2200 3133 2260 oculos

715 2314 797 2375 123
845 2318 1162 2396 obiiciunt,
1202 2318 1385 2380 tertio
1423 2321 1655 2381 zelotae
1699 2321 2013 2382 cuiusdam
2046 2320 2462 2399 impudentiae
2494 2318 2979 2394 insolentiaeque
3016 2316 3125 2376 sti-

845 2436 1007 2496 mulo
1043 2435 1342 2497 adversus
1391 2437 1553 2497 diam
1606 2439 1757 2498 solis
1800 2438 1967 2498 illius
2008 2437 2269 2515 gratiam
2318 2444 2654 2513 armantur,
2718 2434 3129 2508 concitantur,

845 2554 1202 2614 iaculantur.
1278 2555 1440 2614 Hinc
1497 2575 1643 2615 vere
1706 2554 2226 2633 sapientissimum
2286 2562 2384 2615 est
2436 2573 2639 2629 unum,
2697 2552 2988 2629 quiddam
3043 2572 3131 2611 sa·

844 2673 1087 2751 pientes
1129 2673 1326 2751 pauci,
1371 2673 1697 2734 stultorum
1738 2693 1884 2734 vero
1929 2673 2203 2734 infinitus
2244 2680 2341 2735 est
2373 2691 2676 2733 numerus.
2729 2671 2865 2730 Lux
2899 2669 3128 2731 felicio-

846 2790 1017 2848 ribus
1045 2790 1307 2867 ingeniis
1339 2798 1468 2850 tum
1501 2799 1758 2871 repente
1794 2791 2101 2870 exoritur,
2138 2792 2348 2851 statim
2378 2791 2792 2869 cognoscitur,
2824 2790 3129 2851 iocundis-

714 2910 802 2972 20
848 2907 1000 2967 sime
1049 2907 1556 2985 apprehenditur;
1603 2916 1729 2967 tum
1773 2908 2062 2987 primaria
2118 2907 2442 2986 diligentia
2491 2908 2817 2985 retinetur,
2866 2906 3134 2968 sollicita

847 3045 991 3084 cura
1023 3023 1412 3102 defenditur,
1456 3024 1786 3085 intentiore
1830 3025 2035 3086 studio
2074 3007 2346 3103 ornatur3
2384 3035 2512 3087 tum
2541 3033 2985 3104 consequenter
3018 3045 3130 3105 per

847 3162 957 3202 sua
1017 3151 1324 3203 momenta
1386 3151 1670 3222 augetur,
1727 3164 1839 3223 per
1891 3144 2177 3223 proprios
2237 3165 2522 3206 numeros
2578 3152 2978 3224 propagatur,
3019 3163 3130 3223 per

849 3269 1131 3338 agnatam
1167 3262 1553 3323 divinitatem
1584 3272 1840 3323 exaucta
1874 3272 2056 3339 atque
2090 3272 2434 3343 propagata
2465 3263 2817 3343 percolitur.

1009 3378 1038 3423 ‘l‘
1083 3383 1239 3443 Post
1272 3382 1471 3461 ipsum
1510 3385 1715 3463 (quem
1762 3401 1874 3460 per
1907 3381 2089 3442 istius
2129 3383 2403 3461 corporis
2440 3382 2898 3443 contubernium
2935 3382 3132 3442 incur-

716 3504 803 3567 25
849 3503 955 3582 rit)
991 3502 1143 3563 solis
1177 3522 1456 3563 occasum
1494 3523 1529 3561 a
1563 3501 1810 3561 minimo
1854 3510 1918 3562 et
1957 3501 2215 3561 monade
2251 3503 2329 3562 ad
2383 3523 2668 3581 magnum
2732 3511 2795 3564 et
2847 3502 3130 3580 multum,

848 3620 1110 3698 indeque
1145 3620 1223 3680 ad
1266 3621 1706 3680 innumerabile
1763 3629 1826 3680 et
1877 3621 2235 3683 immensum
2290 3622 2873 3701 apprehendendum
2932 3623 3135 3683 anima

851 3739 1100 3799 definito
1137 3739 1542 3817 proficiscitur
1599 3738 1810 3798 ordine
1858 3746 2042 3814 atque
2076 3740 2447 3816 regreditur3
2485 3741 2995 3817 quemadmodum
3051 3744 3128 3803 ab

849 3857 1131 3933 Hespero
1167 3854 1562 3932 singulariter
1591 3854 1724 3915 viso
1767 3855 1845 3913 ad
1881 3854 2357 3934 multitudinem,
2395 3865 2464 3916 ut
2495 3856 2638 3917 inde
2670 3878 2706 3916 a
2740 3857 3129 3918 multitudine

852 3992 961 4050 por
993 3971 1607 4030 innumerabilitatem
1643 3970 1961 4030 stellarum
1996 3972 2217 4032 iterum
2249 3973 2648 4051 repetendam
2681 3973 2760 4033 ad
2794 3973 3129 4036 exorientis

720 4095 807 4154 230
852 4091 1001 4151 solis
1024 4090 1337 4169 praevium
1367 4091 1796 4169 Phosphorum
1831 4090 2227 4168 singulariter
2260 4093 2471 4152 ultimo
2504 4094 2704 4155 visum
2732 4094 2960 4155 reflexo
2994 4116 3129 4174 per-

852 4209 1061 4268 venire
1096 4209 1264 4268 valet
1296 4215 1461 4284 actu,
1502 4216 1572 4268 ut
1599 4209 1713 4267 hac
1741 4208 1878 4287 ipsa
1912 4207 2013 4268 via
2044 4208 2289 4270 minime
2325 4210 2828 4288 profundioribus
2860 4212 3130 4273 tenebris

873 4407 904 4415 —.
947 4409 1114 4414 ..ἦ-Ἴ-
1171 4411 1240 4414 *j
1413 4411 1424 4414 -
1533 4411 1588 4414 -.
1637 4411 1724 4415 ῐῖιῖ
1831 4411 1977 4416 -τ-
2146 4414 2229 4417 κῇ
2396 4413 2443 4419 ,⁴-

1036 4527 1092 4575 14
1128 4527 1360 4588 lucifiga
1484 4529 1545 4574 21
1579 4542 1746 4594 quom
1875 4530 1939 4578 29
1973 4528 2255 4580 exorienti
