3738 5268
1523 561 1612 606 ΒΕ
1653 559 1983 606 mmsvssA.
2362 531 2377 548 ⁸
2778 531 2889 600 331

616 716 1009 797 Praestitit,
1048 739 1200 782 ecce
1240 716 1409 782 trias
1447 716 1654 782 finem
1691 724 2011 783 nectente
2050 715 2343 781 duorum

617 833 935 899 Succedit
973 840 1160 899 recta
1196 834 1495 921 primam
1534 832 1893 899 claudente
1930 834 2253 919 figuram,
2843 859 2897 897 30

616 950 805 1027 Quae
844 951 1209 1017 minimum
1246 957 1432 1017 recta
1469 951 1853 1038 positarum
1891 952 2205 1037 margine
2246 972 2566 1037 campum

613 1065 940 1131 Extremo
980 1067 1253 1133 cohibet
1287 1090 1597 1151 numero,
1640 1068 1802 1152 quia
1839 1067 2181 1133 tractibus
2214 1066 2450 1154 aequis

528 1183 571 1246 5
615 1182 797 1249 Area
835 1185 914 1249 fit
953 1183 1196 1269 maior,
1237 1206 1372 1270 quo
1410 1185 1566 1272 plus
1604 1183 1954 1271 polygona
1992 1184 2213 1270 figura
2252 1190 2381 1249 est.

475 1825 560 1889 10

471 2425 554 2487 15

466 3022 555 3086 20

463 3901 551 3965 25

770 1369 1068 1447 Apprime
1105 1388 1179 1429 ex
1213 1369 1546 1447 praedictis
1579 1367 1973 1430 manifestum
2008 1389 2146 1430 esse
2168 1376 2378 1448 potest
2405 1367 2703 1430 rationem
2728 1370 2885 1448 prin·

611 1486 754 1565 cipii
775 1497 1063 1564 respectu
1085 1487 1416 1564 figurarum
1441 1487 1701 1546 omnium
1728 1487 1953 1547 habere
1979 1487 2347 1564 triangulum
2373 1496 2555 1564 atque
2581 1488 2889 1565 circulum,

605 1613 673 1664 ut
695 1604 1028 1681 proximius
1051 1625 1371 1683 corporum
1393 1605 1760 1684 principium
1771 1614 1880 1666 ‘est
1909 1605 2180 1684 pyramis
2204 1613 2386 1681 atque
2410 1605 2691 1683 sphaera.
2730 1605 2892 1676 Quo-

607 1723 769 1782 niam
800 1723 1060 1782 maxima
1085 1723 1723 1802 comprehendentium
1753 1722 2043 1784 circulum
2085 1723 2282 1801 figura
2317 1732 2413 1784 est
2451 1724 2793 1800 triangulus
2828 1730 2893 1783 et

604 1840 851 1900 minima
884 1861 920 1900 a
956 1840 1179 1901 circulo
1215 1860 1709 1919 comprensamm
1753 1847 1868 1900 est«
1897 1841 2265 1918 triangulus,
2320 1840 2463 1900 inde
2514 1840 2757 1916 quidem
2812 1838 2890 1899 ad

604 1956 892 2018 circulum
930 1967 993 2020 et
1027 1979 1237 2020 omnes
1266 1959 1420 2019 alias
1455 1957 1779 2017 maximum
1814 1955 2128 2034 colligitur
2164 1976 2302 2018 esse
2344 1957 2708 2035 triangulus,
2748 1956 2891 2016 hinc

602 2095 748 2135 vero
792 2076 1135 2153 minimum;
1181 2076 1321 2152 quia
1356 2076 1502 2136 item
1550 2076 1627 2136 ab
1681 2096 1880 2153 agona
1921 2075 2145 2153 figura,
2188 2095 2342 2150 quae
2381 2081 2477 2135 est
2512 2074 2793 2151 circuluS,
2827 2074 2891 2133 in

602 2195 969 2273 polygonam
996 2196 1323 2274 explicatio
1355 2195 1551 2275 prima
1583 2205 1681 2255 est
1706 2197 1769 2254 in
1797 2195 2195 2271 triangulum,
2231 2193 2495 2255 infertur
2523 2194 2890 2270 triangulum

601 2331 740 2372 esse
775 2313 908 2372 eam
944 2311 1198 2390 figuram
1234 2333 1388 2389 quae
1418 2313 1689 2392 proxime
1725 2312 2015 2373 circulum
2050 2312 2507 2391 complectitur;
2538 2311 2642 2370 ubi
2678 2329 2823 2370 vero
2853 2330 2890 2369 a

601 2430 845 2506 trigona
877 2430 955 2489 ad
999 2438 1408 2509 tetragonam,
1462 2431 1542 2490 ad
1585 2441 2019 2509 pentagonam,
2071 2431 2149 2490 ad
2202 2430 2401 2508 magis
2456 2435 2639 2506 atque
2691 2427 2888 2506 magis

601 2548 994 2627 polygoniam
1044 2549 1114 2610 fit
1155 2569 1469 2624 accessus,
1506 2552 1568 2611 in
1613 2552 1891 2611 circulari
1934 2552 2185 2612 tandem
2235 2550 2410 2611 finita
2453 2550 2886 2629 progressione

601 2670 707 2730 fiet
758 2671 1184 2750 consistentia,
1241 2672 1611 2751 triangulum
1645 2673 1975 2750 figurarum
2012 2673 2277 2733 omnium
2322 2694 2358 2732 a
2386 2672 2612 2733 circulo
2647 2679 2891 2732 conten-

599 2795 796 2846 tarum
830 2790 1300 2850 remotissimam
1335 2810 1470 2851 esse
1507 2792 1928 2871 comperimus
1972 2792 2124 2852 Ideo
2160 2792 2302 2852 hinc
2345 2791 2589 2869 quidem
2624 2790 2889 2850 circulus

601 2904 679 2963 ad
715 2905 1085 2981 triangulum
1130 2915 1193 2967 et
1241 2908 1393 2968 alias
1435 2909 1662 2986 figuras
1705 2909 2032 2968 maximum
2079 2929 2216 2969 esse
2262 2908 2696 2986 comperimuS,
2740 2907 2885 2967 inde

599 3045 746 3084 vero
782 3025 1108 3087 minimum.
1144 3027 1535 3106 Quapropter
1566 3039 1628 3088 et
1660 3030 1817 3088 ratio
1852 3029 2136 3107 principii
2168 3029 2252 3088 ita
2280 3036 2375 3089 est
2404 3030 2566 3089 inter
2596 3028 2884 3089 circulum

600 3149 663 3199 et
696 3143 1063 3219 triangulum
1099 3144 1324 3223 divisa,
1360 3147 1519 3206 sicut
1554 3148 1713 3208 inter
1748 3147 2066 3206 materiam
2109 3156 2173 3206 et
2215 3146 2502 3224 formam,
2543 3146 2880 3225 potentiam

599 3265 663 3318 et
695 3268 922 3338 actum,
961 3263 1346 3323 terminabile
1394 3273 1456 3324 et
1508 3264 1857 3343 terminum,
1912 3266 2323 3325 continentem
2385 3272 2449 3326 et
2500 3273 2880 3341 contentum,

598 3376 924 3436 maximum
960 3386 1022 3438 et
1057 3378 1383 3439 minimum.

1510 3721 1816 3788 CAPVT
1888 3725 1980 3788 Π.

1608 3940 1887 3986 CARCER.

1170 4081 1229 4121 Et
1259 4081 1495 4121 minimum
1525 4083 1803 4133 triangulum
1833 4096 1944 4124 arca
1975 4089 2021 4125 ct
2049 4086 2214 4134 angulo
2245 4086 2317 4126 do.

753 4265 950 4342 Quod
975 4265 1032 4330 si
1057 4287 1255 4331 nosse
1280 4267 1475 4354 cupis
1502 4269 1833 4354 quidnam
1858 4271 2224 4339 minimum
2245 4273 2319 4339 in
2338 4296 2589 4360 genere
2612 4272 2741 4341 hoc
2769 4274 2880 4361 sit,

594 4382 680 4447 In
719 4383 900 4467 quod
940 4383 1347 4449 continuum
1385 4385 1669 4471 planum
1707 4396 2035 4454 tenuatur
2075 4390 2388 4475 obitque,

779 4567 840 4617 12
873 4582 1090 4630 agonas
1122 4566 1341 4631 figurae
1469 4570 1705 4630 lfisorsc
1739 4570 2086 4633 polygonum
2214 4572 2275 4620 17
2309 4573 2724 4625 conscistentia
