3738 5268
879 473 1000 534 278
1471 484 1748 529 lonnAm
1791 485 1992 528 anm
2037 484 2126 527 ns
2166 483 2434 544 nmmo,
2480 482 2566 527 w.

1693 775 1947 818 ATRWM
1989 772 2354 816 APOLLINIS.

884 2754 1190 2840 Erigone
1227 2752 1542 2819 semitam
1578 2752 1927 2818 Hermetis
1966 2748 2100 2818 sibi
2139 2748 2386 2817 sternit
2424 2750 2493 2817 in
2536 2748 2797 2836 aulam,

885 2872 1118 2957 Atque
1154 2870 1420 2935 aditum
1457 2870 1719 2957 pariter
1754 2876 2018 2935 rectum
2058 2868 2481 2955 Ganymedis
2520 2868 2609 2934 ab
2648 2867 2784 2933 oris

888 2988 1267 3075 Conceptat
1303 2988 1616 3053 Fortuna
1653 2994 1918 3074 potens,
1952 2987 2252 3072 Istisque
2289 2986 2616 3074 peractiS,
3166 2999 3247 3060 p.
3288 2984 3485 3047 139

800 3103 841 3163 ὅ
892 3104 1249 3184 Quadrivii
1287 3104 1641 3191 inspieuus
1677 3103 1943 3169 medius
1980 3110 2120 3168 stat
2157 3102 2512 3168 terminus,
2550 3100 2721 3165 Inde
3121 3126 3172 3164 25

885 3220 1202 3307 Iuppiter
1237 3220 1561 3284 immotus
1600 3242 1961 3285 remanens
1997 3242 2120 3306 per
2158 3228 2394 3284 centra
2432 3224 2795 3304 quaterna,

885 3336 971 3401 In
1009 3335 1227 3421 signis
1263 3335 1527 3422 primae
1565 3328 1852 3401 tetradis
1891 3335 2273 3423 longinqua
2312 3335 2665 3421 quaternis

889 3452 1296 3537 Attingens,
1336 3451 1546 3516 radiis
1585 3458 1925 3517 extremos
1962 3452 2227 3518 indicat
2266 3452 2382 3517 ille

889 3567 1119 3633 Fines.
1156 3567 1343 3632 Hine
1380 3567 1565 3632 Mars
1605 3566 1876 3633 Oceano
1915 3568 2346 3653 adversatur,
2387 3577 2455 3633 et
2494 3568 2687 3633 illino

763 3682 846 3744 lO
892 3684 1258 3769 Neptunus
1297 3689 1444 3747 tota
1484 3689 1689 3768 atque
1728 3684 1936 3749 Pluto
1975 3685 2253 3769 regione
2292 3685 2642 3751 recedunt.
3123 3714 3176 3751 :30

890 3799 1061 3864 Inde
1098 3800 1221 3865 ubi
1257 3799 1606 3865 Fortunae
1644 3800 1731 3865 ad
1768 3800 2167 3866 Hermetem
2207 3802 2449 3867 semita
2488 3810 2673 3867 secta
2712 3810 2842 3885 est,

891 3917 984 3981 Et
1024 3916 1446 4002 Ganymedis
1485 3916 1617 3981 iter
1655 3938 1788 4002 quo
1828 3918 2083 3982 claram
2121 3917 2211 3983 ad.
2246 3918 2621 4004 Erigonem
2662 3940 2731 3982 se

896 4031 1265 4115 Subdueit,
1302 4032 1496 4097 Rhea
1531 4032 1696 4097 hino
1733 4039 1802 4097 et
1842 4032 2073 4098 Tellus
2112 4034 2420 4099 cernitur
2456 4033 2671 4098 illino.

900 4147 1104 4225 Queis
1142 4147 1242 4213 ita
1281 4147 1660 4234 dispositiS,
1701 4148 1814 4214 via
1851 4150 1933 4213 fit
1966 4171 2100 4233 qua
2140 4148 2379 4215 tendat
2417 4149 2667 4237 Apollo

1081 4418 1107 4464 1
1141 4416 1264 4466 ‘nell'
1286 4415 1519 4466 edizione
1569 4415 1834 4482 originale
1883 4416 1940 4465 in
1986 4418 2143 4481 luoyo
2178 4415 2319 4465 (Zella
2341 4414 2534 4479 figjura
2570 4414 2799 4463 Atrium
2830 4411 3119 4477 Apollinis
3147 4411 3173 4461 ἃ

895 4492 987 4560 qui
1011 4492 1236 4545 inserita
1262 4497 1318 4545 la
1331 4496 1522 4561 fiyura
1550 4496 1781 4547 Atrium
1814 4496 2083 4560 Veneria,
2119 4512 2144 4545 e
2171 4495 2436 4546 vincuat-sa
2465 4511 2501 4543 a
2523 4511 2648 4559 pay.
2680 4494 2815 4553 282,
2850 4494 2913 4540 15
