3738 5268
801 511 916 569 190
1401 524 1683 571 mamm
1720 523 1926 581 navm
1967 523 2057 567 m:
2096 522 2364 577 minim,
2411 523 2478 567 11.

791 678 1124 757 requiritur
1156 686 1286 739 tum
1319 679 1553 758 puncti,
1589 686 1718 738 tum
1758 678 2285 739 innumerabilium
2318 687 2699 759 punctorum,
2738 687 2865 739 tum
2901 679 3071 756 sigil-

794 798 964 858 latim
1003 797 1267 857 omnium
1301 796 1380 856 ad
1416 815 1628 857 omnes
1662 804 1726 855 et
1764 795 1844 854 ad
1880 804 2154 857 centrum
2196 796 2406 857 debita
2437 805 2619 874 atque
2652 804 2914 874 aequata
2955 796 3082 858 dis·

794 913 1020 991 positio
1055 913 1412 990 manifesta,
1451 932 1660 975 eorum
1692 913 1938 991 inquam
1978 933 2134 991 quae
2173 914 2359 990 vulgo
2400 913 2657 992 infinita,
2702 915 2879 975 nobis
2923 934 3071 975 vero

795 1029 1112 1091 indefinita
1145 1032 1484 1109 capiuntur.
1894 1008 1903 1019 ⁹

706 1152 748 1217 ὅ
954 1164 987 1211 'u
1035 1148 1468 1227 Peripateticis
1516 1148 1636 1209 alia
1679 1156 1775 1209 est
1820 1148 2097 1228 potentia
2149 1168 2306 1226 quae
2341 1147 2627 1208 circulum
2681 1149 2903 1226 cernit,
2950 1150 3078 1208 alia

795 1284 949 1341 quae
973 1263 1049 1324 de
1073 1264 1204 1326 eius
1239 1265 1504 1325 veritate
1539 1264 1810 1341 ambigat
1845 1271 1910 1324 et
1941 1263 2217 1341 definiat,
2242 1283 2351 1323 seu
2371 1283 2527 1339 quae
2550 1263 2761 1324 videre
2791 1284 2860 1324 se
2884 1265 3079 1324 circu·

794 1380 918 1441 lum
939 1380 1185 1442 iudicet.
1217 1382 1309 1440 Ea
1342 1381 1612 1441 secunda
1637 1379 1954 1457 faculitas,
2000 1400 2176 1456 quam
2204 1399 2449 1440 sensum
2480 1378 2834 1444 interiorem
2866 1380 3076 1460 appel·
3121 1394 3202 1456 p.
3232 1379 3374 1442 5⁹?

794 1497 996 1576 litant,
1053 1517 1175 1558 non
1219 1497 1393 1557 addit
1435 1498 1816 1574 intenditque
1861 1497 2082 1573 lucem,
2121 1496 2234 1557 sed
2288 1498 2449 1559 circa
2502 1517 2632 1558 eam
2677 1499 3081 1576 qualemcum-

795 1636 913 1692 que
949 1615 1336 1676 collationem
1358 1614 1897 1693 reflexionemque,
1921 1614 2252 1676 secundum
2274 1635 2497 1695 nempe
2520 1624 2723 1676 actum
2750 1617 3073 1694 quendam,

668 1733 751 1797 lO
796 1744 1059 1797 exercet.
1502 1818 1505 1821 Ι

953 1866 987 1914 Ἱῐ
1029 1852 1318 1912 Potentia
1352 1851 1567 1921 omnis,
1604 1871 1758 1927 quae
1796 1850 2090 1930 deinceps
2128 1850 2328 1913 visum
2375 1854 2791 1931 consequitur,
2829 1855 2945 1913 sub
2995 1853 3081 1912 in-

796 1971 951 2031 dicis
975 1971 1197 2032 mentis
1228 1970 1470 2031 nomine
1507 1969 1846 2046 vulgariter
1882 1970 2282 2047 significatur.

1685 2355 1991 2421 CAPVT
2059 2356 2186 2419 ΠΙ.

1061 2545 1316 2587 Sensmvae
1340 2547 1646 2594 exter-uaeque
1670 2545 1901 2595 potentiae
1925 2547 1995 2584 est
2016 2545 2161 2595 primo
2184 2545 2408 2587 circulum
2432 2547 2799 2597 apprchendere.

807 2755 844 2772 Q

665 2784 747 2848 15
970 2774 1236 2842 Definit
1275 2773 1542 2860 cyclum
1580 2777 1854 2837 tantum
1895 2794 2107 2837 mens.
2140 2773 2357 2838 Porro
2395 2773 2620 2859 figura

792 2893 988 2959 Illius
1021 2891 1319 2958 exterior
1355 2887 1835 2954 tantummodo
1875 2889 2189 2954 sensibus
2228 2897 2392 2977 apta
2430 2898 2561 2975 est,

794 3011 1147 3088 Quantum
1184 3005 1488 3095 aptanda
1524 3005 1750 3087 venit;
1786 3011 2111 3071 constans
2148 3013 2569 3093 quapropter
2606 3030 2841 3073 eorum

794 3126 1158 3192 Obiectum
1184 3121 1569 3211 reputanda
1605 3121 1852 3207 magis;
1885 3144 2047 3187 nam
2080 3121 2324 3188 deinde
2347 3146 2472 3210 per
2500 3125 2819 3190 umbram
2842 3126 3020 3191 hanc

795 3240 1210 3308 Phantasiae
1250 3261 1492 3326 capere
1531 3245 1661 3320 est,
1696 3238 2073 3304 condensas
2109 3261 2367 3326 perque
2405 3241 2742 3306 tenebras,

661 3364 751 3427 20
792 3360 953 3426 Non
986 3357 1158 3424 nn'hi
1195 3363 1339 3421 tam
1376 3356 1552 3421 bene
1590 3354 1670 3419 fit
1708 3354 2033 3421 distantis
2072 3356 2302 3442 imago
2334 3359 2645 3444 parentis

794 3476 1043 3558 Obvia,
1085 3496 1292 3560 quam
1329 3472 1558 3538 fuerat
1594 3471 1978 3568 praesentis
2014 3471 2408 3558 hypostasis
2449 3496 2584 3539 ore.

794 3590 1210 3658 Phantasiae
1248 3589 1496 3655 iccirco
1536 3588 1916 3654 sublambit
1951 3589 2279 3675 imaginis
2310 3592 2656 3677 umbram,

799 3709 1019 3787 Quam
1058 3707 1301 3773 melius
1339 3704 1645 3769 referant
1682 3704 2052 3788 insomnia,
2097 3705 2371 3790 quando
2410 3705 2677 3772 fidelem

794 3826 955 3892 Non
991 3824 1266 3890 turbare
1299 3821 1467 3888 sinit
1506 3820 1800 3906 speciem
1838 3820 2149 3905 requieta
2186 3820 2481 3888 facultas
3029 3854 3077 3890 ιο

663 3953 750 4016 ‘25
796 3941 1073 4025 Affinis,
1112 3939 1306 4006 vario
1344 3960 1566 4024 neque
1604 3936 1684 4002 fit
1722 3936 2101 4001 distractus
2139 3947 2391 4022 agente

799 4058 1080 4142 Sensus,
1120 4064 1193 4122 at
1232 4056 1577 4122 obiectum
1610 4052 1882 4138 integre
1920 4076 1990 4117 se
2030 4054 2337 4119 obvertit
2372 4057 2447 4120 in
2484 4079 2701 4122 unum

797 4174 1122 4259 Interior,
1164 4171 1460 4238 nihilum
1495 4168 1913 4257 proprioque
1950 4169 2305 4257 adspectat
2343 4172 2417 4236 in
2456 4173 2646 4259 orbe,

797 4295 1292 4376 Praeterquam
1329 4286 1629 4352 externis
1663 4285 1846 4370 quod
1879 4288 2316 4373 conceptavit
2355 4289 2442 4354 ab
2481 4291 2618 4356 oris

1611 4452 1784 4457 ——ffl
1807 4453 1828 4456 -
1855 4453 1955 4456 ——
2000 4453 2015 4456 1
2054 4453 2087 4456 Α
2146 4455 2195 4458 γ,
2318 4453 3065 4460 ff—-—.——-—————Q

981 4554 1046 4604 22
1065 4555 1220 4616 surse
1251 4554 1564 4605 phantasia
1583 4555 1610 4602 ἒ
