3738 5268
1511 528 1602 574 m:
1642 528 1970 575 mavum
2764 514 2880 576 315
2996 597 3003 602 .

1141 757 1343 797 cautela.
1373 758 1568 797 Vel-ticin
1597 758 1913 798 adscendentis
1942 763 1988 799 et
2016 759 2347 799 descendentia.

603 913 678 979 Si
717 916 937 1002 magis
976 915 1224 1002 exigua
1261 923 1393 1001 est,
1436 939 1641 1002 quam
1678 925 1758 982 ut
1795 918 1975 982 clare
2014 918 2300 983 oireinet
2339 918 2562 1005 ipsam
2602 922 2694 1002 (9)

599 1029 965 1096 Extremus
1002 1038 1299 1118 punctus
1337 1034 1500 1117 (10),
1538 1040 1724 1098 reeta
1763 1033 2178 1099 extendatur
2216 1033 2545 1119 utrinque
2582 1037 2718 1118 (11)

599 1146 691 1210 Et
720 1148 1016 1232 geminis
1046 1150 1325 1236 punctis
1356 1172 1570 1236 aeque
1604 1151 1739 1234 (12)
1771 1149 1939 1214 haec
1970 1149 2318 1215 abstantia
2352 1156 2420 1215 et
2453 1150 2613 1216 inde
2641 1153 2777 1234 (13)
2836 1181 2886 1218 ar,

512 1266 554 1330 ὅ
601 1262 665 1326 Α
702 1264 946 1349 positis
982 1265 1225 1352 primis
1264 1289 1532 1352 semper
1569 1265 1706 1349 (14)
1742 1265 1970 1350 finita,
2012 1265 2099 1330 ad
2138 1265 2417 1331 eandem

602 1377 1018 1467 Suppeditat
1054 1403 1366 1447 normam
1403 1381 1581 1448 radii
1618 1404 1937 1447 mensura
1972 1382 2269 1468 petitum
2310 1385 2448 1466 (15)

598 1496 947 1562 Punctum
985 1498 1059 1563 in
1096 1498 1432 1564 directum
1471 1499 1774 1586 positum
1814 1498 1935 1584 qui
1972 1498 2231 1563 defluat
2272 1507 2432 1585 apte

596 1611 731 1676 Per
766 1613 1104 1699 reliquum
1146 1622 1483 1703 punctum
1523 1615 1782 1680 directo
1819 1615 2102 1679 tramite
2141 1614 2460 1680 deorsum
2501 1617 2658 1700 (16).

1016 1851 1355 1896 mntem-10
1397 1853 1656 1897 REOTAE
1696 1854 1782 1898 Ex
1827 1854 2157 1905 QVAEsrro
2203 1854 2473 1899 PVNCTO.
2886 1866 2967 1927 p,
3007 1850 3201 1915 1⁹75

472 3056 556 3119 10
601 3061 713 3127 An
752 3085 891 3129 non
929 3064 1026 3129 sio
1066 3072 1322 3130 rectam
1359 3087 1483 3152 per
1518 3071 1778 3152 puncta
1816 3071 2088 3129 ostensa
2126 3064 2454 3151 probabit
2838 3093 2890 3129 ιο

599 3177 941 3263 CirculuS‚
983 3202 1071 3243 an
1111 3203 1251 3246 non
1285 3181 1452 3249 haec
1491 3180 1666 3266 cycli
1705 3186 2069 3268 partesque
2107 3180 2416 3245 vicissim

598 3294 704 3359 Ao
741 3296 955 3360 veluti
996 3296 1201 3382 paulo
1241 3296 1652 3361 claravimus
1691 3303 1851 3361 ante
1889 3296 2317 3383 probantur?

763 3485 796 3532 ‘11
837 3491 891 3548 4.
941 3492 969 3548 1
1024 3497 1311 3568 punctum
1366 3499 1678 3551 ostensum
1737 3491 1816 3569 G,
1880 3493 1917 3549 2
1969 3490 2301 3551 secundum
2356 3510 2580 3568 gyrum
2628 3487 2885 3566 GOEC,

603 3605 640 3663 3
683 3604 971 3664 donatum
1001 3615 1288 3684 punctum
1322 3608 1410 3684 H,
1457 3609 1497 3665 4
1538 3607 1814 3667 subiecta
1858 3616 2182 3684 receptans
2218 3626 2424 3666 casum
2476 3604 2585 3665 OG
2600 3651 2613 3681 ,
2657 3608 2693 3663 ὃ
2739 3624 2888 3682 pun·

477 3713 558 3776 15
607 3728 767 3779 etum
803 3720 1069 3781 medium
1102 3721 1263 3781 inter
1297 3721 1352 3779 G
1390 3729 1451 3781 et
1485 3721 1558 3798 C,
1609 3725 1646 3779 6
1687 3722 1793 3781 ina
1839 3721 2033 3799 petita
2076 3721 2221 3798 ΗΒ,
2278 3723 2310 3780 7
2358 3729 2683 3797 utrumque
2722 3718 2885 3796 quod

603 3836 860 3914 respicit
888 3836 943 3895 G
966 3844 1028 3895 et
1060 3835 1131 3914 C,
1178 3839 1218 3896 8
1245 3846 1455 3897 costae
1482 3838 1764 3913 utrinque
1795 3837 1909 3897 CH
1948 3837 2092 3912 GH,
2128 3839 2165 3895 9
2208 3837 2405 3913 magis
2448 3835 2670 3911 exigua
2704 3854 2887 3911 quam

606 3958 668 4011 et
722 3950 1048 4012 circinetur
1096 3953 1239 4028 AB,
1296 3956 1371 4011 10
1410 3960 1718 4013 extremus
1761 3962 2023 4032 punctus
2080 3953 2133 4011 B
2186 3953 2286 4013 vel
2334 3954 2425 4029 A,
2477 3956 2545 4011 11
2602 3951 2889 4027 utrinque

603 4068 971 4128 extendatur
1012 4069 1091 4128 ad
1145 4069 1209 4127 M
1264 4076 1326 4127 et
1381 4069 1461 4144 N,
1521 4070 1592 4127 12
1626 4069 2016 4130 abstantibus
2064 4068 2204 4129 hinc
2254 4067 2327 4143 O,
2377 4070 2453 4127 13
2499 4067 2642 4126 inde
2685 4066 2773 4142 D,
2817 4067 2892 4123 14

602 4202 638 4241 a
677 4183 898 4260 positis
935 4182 1148 4262 primis
1193 4202 1437 4260 semper
1480 4182 1528 4243 C
1572 4191 1634 4243 et
1678 4185 1762 4261 D,
1806 4187 1880 4244 15
1924 4184 2184 4262 petitum
2227 4189 2517 4261 punctum
2571 4182 2645 4257 E,
2689 4182 2763 4239 16
2807 4177 2890 4236 di·

471 4292 560 4357 20
604 4309 773 4363 recto
808 4302 1054 4361 tramite
1087 4302 1149 4361 in
1184 4302 1253 4362 F.

791 4538 853 4587 13
886 4538 942 4587 la
970 4553 1142 4601 prosa
1175 4554 1281 4586 *non
1316 4536 1604 4585 s'accorda
1631 4535 1696 4585 πὲ
1729 4536 1811 4587 σοι’
1847 4536 1985 4586 versi
2022 4535 2086 4585 πὸ
2118 4554 2214 4585 con
2248 4536 2303 4584 la
2325 4537 2516 4601 fiqura
