3738 5268
1521 562 1611 607 ΒΕ
1652 561 1984 608 MENSVRA.
2540 573 2561 594 e
2778 544 2894 603 327

1501 1017 1808 1082 CAPVT
1874 1019 2003 1083 XI.

1601 1284 1905 1328 APERTIO.

1420 1431 1590 1481 Anguli
1620 1431 1921 1480 quantitatem
1950 1430 2114 1469 iudico.

792 1683 1141 1768 AnguluS‚
1183 1688 1262 1746 ut
1302 1680 1471 1764 dixi,
1515 1670 1829 1764 quamvis
1868 1700 2009 1742 non
2051 1679 2549 1761 multisecetur,

525 1793 566 1857 5
615 1801 773 1865 Non
812 1807 1042 1865 tamen
1080 1797 1329 1862 iccirco
1370 1796 1740 1881 quicquam
1778 1793 2147 1881 prohibere
2186 1818 2461 1860 necesse
2500 1802 2629 1877 est,

609 1917 761 1993 Quo
801 1915 1029 1980 minus
1068 1913 1331 1999 inquiri
1369 1912 1590 2000 possit
1632 1919 1934 1997 quantus
1974 1911 2095 1992 sit3
2138 1919 2207 1975 et
2246 1911 2433 1976 istud

607 2032 886 2119 Optime
925 2032 999 2095 in
1036 2030 1333 2095 obducto
1372 2028 1632 2116 poterit
1669 2028 2144 2115 comprendier
2184 2051 2345 2092 arcu

606 2148 1028 2233 Comprenso
1067 2145 1365 2232 geminis
1404 2145 1659 2228 curviS‚
1703 2144 2209 2231 complentibus
2250 2144 2475 2230 ipsum
2870 2170 2894 2208 5

607 2265 781 2329 Cum
819 2263 1085 2348 reliquo
1123 2262 1252 2327 hoc
1291 2262 1709 2346 triquetrum
1749 2268 2178 2326 constantem
2219 2260 2537 2325 cruribus
2576 2259 2837 2344 aequiS,

484 2374 569 2437 10
615 2379 938 2464 Undique
977 2386 1056 2444 ut
1094 2386 1162 2444 et
1199 2379 1470 2443 minimi
1509 2377 1824 2443 doctrina
1864 2377 1983 2441 fiet
2022 2385 2358 2463 apertum.

607 2495 787 2560 Nam
826 2495 1053 2560 varias
1091 2501 1319 2581 partes
1357 2493 1591 2558 varius
1632 2493 1826 2558 dabit
1865 2495 2160 2579 angulus
2200 2493 2370 2577 illic,

611 2610 1181 2698 Quandoquidem
1220 2632 1258 2675 a
1298 2616 1484 2675 recto
1516 2609 1813 2694 geminis
1850 2609 1909 2675 si
1949 2609 2263 2676 cruribus
2301 2609 2535 2676 orbem

606 2728 950 2814 Attigerit
990 2728 1195 2814 cycli,
1237 2750 1271 2791 e
1311 2727 1535 2792 media
1572 2728 1856 2813 regione
1895 2727 2205 2813 profecto
2844 2759 2893 2794 ιο

613 2845 1080 2922 Quadrantem
1118 2844 1305 2909 illius
1345 2845 1816 2930 comprendet,
1861 2868 2063 2930 quem
2101 2845 2469 2930 radiusque

478 2960 562 3025 15
607 2960 694 3026 In
734 2962 1151 3046 triquetrum
1191 2961 1518 3047 adpostus
1556 2960 1638 3025 de
1678 2962 1859 3027 senis
1900 2962 2215 3048 partibus
2253 2963 2481 3049 ipsum

609 3076 884 3141 Indicat
922 3078 1347 3164 inspicuum,
1390 3077 1585 3142 varia
1625 3077 1723 3142 sic
1763 3078 2159 3143 conditione

607 3192 976 3276 Informat,
1018 3193 1366 3279 variisque
1406 3194 1610 3258 tomis
1650 3194 1850 3259 deinc
1890 3196 2116 3260 orbita
2156 3196 2365 3260 scissa
2408 3203 2535 3277 cst,

615 3308 812 3386 Quod
846 3310 1129 3396 proprio
1169 3316 1552 3375 monstrare
1591 3311 1739 3375 loco
1777 3334 1967 3377 meus
2006 3312 2170 3377 ordo
2209 3312 2528 3398 reposcit.
2844 3340 2892 3377 ιε,

770 3567 1057 3629 Proxime
1094 3568 1274 3628 dictis
1324 3589 1445 3628 non
1499 3569 1889 3629 obstantibus
1933 3569 2011 3628 dc
2058 3571 2265 3647 anguli
2310 3570 2651 3647 quantitate
2686 3571 2894 3632 defini-

481 3686 569 3749 20
613 3706 749 3746 mus
792 3695 975 3764 atque
1017 3689 1272 3766 virtute,
1320 3708 1437 3747 non
1491 3689 1735 3764 quidem
1784 3690 2020 3748 ratione
2068 3690 2311 3749 termini
2370 3697 2432 3750 et
2482 3691 2735 3768 minimi,
2782 3693 2892 3752 sed

611 3806 834 3883 partim
871 3806 1064 3884 ipsius
1099 3807 1268 3866 iuxta
1301 3808 1573 3884 tertiam,
1613 3807 1836 3885 partim
1869 3827 2106 3884 quoque
2148 3807 2319 3867 iuxta
2360 3816 2637 3885 quartam
2670 3811 2895 3888 signifi·

611 3922 910 3983 cationcm
938 3922 1294 4002 accipiendi.
