3738 5268
1106 494 1412 544 ARTICVM
1454 496 1803 547 Anvnsssvs,
1834 497 2370 543 ussnnm'ricos.
2803 465 2878 539 27'

602 669 730 734 cile
776 669 1127 755 aufugies,
1176 670 1299 736 ubi
1344 670 1766 737 intellexeris
1805 677 2121 738 centrum
2168 676 2248 736 ut
2294 669 2708 752 terminum3
2758 668 2881 734 ubi

600 795 785 860 enim
821 802 1054 882 partes
1091 796 1332 863 finitae
1369 797 1661 881 fuerint,
1700 796 1985 863 termini
2023 818 2166 863 non
2211 800 2543 883 poterunt
2590 817 2734 860 esse
2779 793 2883 859 in-

600 920 817 1008 finiti,
877 924 1194 1009 quamvis
1254 924 1379 991 hos
1439 923 1636 991 iuxta
1704 923 2248 990 innumerabiles
2313 920 2739 988 differentias
2804 922 2880 987 in

601 1049 933 1117 continuo
979 1051 1289 1139 accipere
1323 1059 1675 1138 geometra
1722 1074 1793 1117 se
1830 1052 2104 1117 credat.⁸
2125 1051 2341 1116 Porro
2385 1049 2514 1116 hae
2562 1048 2880 1115 differen-

513 1172 555 1235 5
599 1174 738 1241 tiae
773 1198 916 1242 non
955 1177 1176 1243 multo
1211 1177 1523 1264 partium
1555 1175 2077 1243 multitudinem
2126 1181 2538 1263 exuperant,
2575 1174 2881 1240 conside-

470 1278 475 1281 *
599 1308 752 1368 rato
792 1303 977 1387 quod
1014 1303 1224 1370 unius
1272 1304 1590 1370 continui
1638 1303 1908 1369 definiti
1988 1309 2155 1368 sunt
2214 1301 2537 1385 termini,
2601 1301 2747 1368 sive
2803 1301 2878 1367 in

598 1427 887 1515 longum
924 1430 1069 1495 sive
1106 1430 1182 1496 in
1218 1431 1442 1497 latum
1489 1430 1804 1518 accipias,
1852 1430 1960 1495 40.
2009 1429 2343 1496 Minimus
2390 1451 2592 1496 arcus
2640 1436 2709 1494 et
2756 1428 2879 1494 mi-

598 1554 786 1620 nima
811 1555 1066 1622 chorda
1091 1579 1233 1623 non
1258 1556 1619 1641 differunt,
1647 1556 1828 1622 sicut
1865 1556 2208 1623 maximus
2242 1579 2442 1622 arcus
2467 1563 2537 1622 et
2575 1555 2876 1621 maxima

599 1681 852 1749 chorda
898 1683 1079 1761 idem
1141 1684 1426 1751 omnino
1488 1690 1672 1750 sunt.
1723 1684 1830 1748 41.
1890 1684 2079 1749 Hinc
2136 1682 2467 1772 physicus
2528 1682 2878 1769 intelliget

468 1814 553 1878 10
594 1815 972 1881 maximum
1013 1837 1132 1880 seu
1163 1813 1673 1880 velocissimum
1711 1819 2005 1897 motum,
2043 1834 2178 1898 quo
2216 1812 2517 1878 velocior
2554 1835 2696 1877 esse
2735 1833 2879 1877 non

594 1946 852 2027 potest,
889 1939 977 2005 ab
1025 1938 1371 2026 ipsissima
1420 1937 1651 2024 quiete
1716 1920 1891 2003 non.
1923 1936 2216 2003 differre.
2291 1935 2481 2003 Hinc
2534 1936 2878 2024 sapientia

596 2064 750 2131 ideo
798 2064 1110 2130 omnium
1157 2063 1611 2131 mobilissima
1660 2063 1823 2149 quia
1869 2063 2272 2146 immobiliS‚
2313 2068 2383 2128 et
2429 2062 2583 2128 ideo
2638 2062 2878 2127 immo-

595 2189 756 2256 bilis
801 2189 968 2277 quia
1005 2189 1319 2256 omnium
1356 2188 1830 2273 mobilissima,
1868 2195 2165 2275 utroque
2217 2188 2420 2255 modo
2458 2187 2877 2254 describitur

592 2339 632 2383 a
676 2315 1054 2404 prophetis.
1101 2316 1210 2382 42.
1258 2315 1629 2383 Minimum
1678 2322 1784 2382 est
1846 2315 2172 2399 circuluS,
2233 2322 2303 2381 et
2363 2314 2720 2381 circularis
2769 2322 2877 2381 est

465 2451 546 2513 15
594 2451 823 2509 motus
862 2443 1099 2531 ipsius.
1138 2442 1327 2509 Dum
1364 2443 1550 2510 enim
1579 2451 1924 2530 punctum
1954 2443 2181 2530 primo
2212 2442 2449 2530 prodit
2479 2442 2555 2508 in
2586 2442 2877 2529 lineam,

592 2576 663 2636 et
697 2568 881 2636 linea
918 2591 1043 2657 per
1079 2568 1470 2658 poligonias
1517 2568 1848 2637 discurrit
1895 2591 2114 2656 usque
2160 2568 2237 2634 in
2283 2568 2649 2655 circulum,
2699 2567 2876 2636 illud

594 2693 778 2782 quod
816 2695 1196 2762 maximum
1243 2695 1537 2762 dicimus
1582 2702 1794 2784 atque
1840 2696 2211 2763 minimum
2267 2696 2531 2762 virtute
2597 2702 2666 2761 et
2712 2701 2875 2762 actu

591 2820 1035 2888 substantiali
1071 2821 1503 2888 inveniemus
1533 2845 1678 2889 esse
1705 2822 1967 2907 omnia,
1992 2820 2420 2910 principium
2452 2821 2635 2887 idem
2666 2827 2876 2907 atque

589 2945 816 3013 finem.
852 2948 962 3012 43.
998 2947 1370 3014 Minimum
1410 2950 1591 3014 reale
1623 2949 1923 3015 multum
1951 2947 1962 3028 Ι
1989 2949 2226 3015 abesse
2263 2972 2303 3015 a
2341 2948 2630 3014 minimo
2665 2948 2873 3014 sensi·
2920 2964 2970 3013 ο
3005 2952 3088 3014 1¹·

455 3080 546 3145 20
589 3071 716 3137 bili
769 3094 914 3138 non
959 3072 1335 3140 infeliciter
1389 3074 1694 3141 ostendit
1749 3074 2155 3155 Lucretius;
2205 3074 2620 3141 mirabiliter
2687 3073 2873 3139 enim

589 3205 840 3266 natura
887 3201 1185 3288 amplius
1251 3202 1536 3269 resolvit
1596 3203 2153 3291 magnitudinem
2216 3225 2424 3289 quam
2473 3202 2662 3268 visus
2723 3202 2872 3287 qui-

588 3345 861 3411 cunque
891 3333 960 3392 et
998 3326 1500 3413 qualiscunque
1531 3329 1751 3416 possit
1782 3328 2320 3417 apprehendere,
2370 3328 2866 3394 resolutionem

589 3459 821 3519 autem
878 3453 1058 3520 hanc
1112 3454 1189 3520 in
1263 3455 1469 3522 rebus
1542 3480 1686 3522 esse
1776 3457 2011 3524 omnia
2105 3456 2457 3523 sensibilia
2531 3456 2868 3522 indicant.

588 3580 697 3645 44.
731 3581 832 3647 Ut
868 3603 1030 3668 ergo
1078 3581 1484 3649 resolvendo
1551 3590 1801 3651 natura
1857 3583 2127 3668 definit,
2176 3583 2276 3649 ita
2323 3591 2393 3649 et
2439 3590 2660 3649 artem
2707 3581 2870 3648 defi-

452 3708 539 3772 25
587 3706 738 3772 nire
773 3715 1065 3794 oportet.
1113 3709 1207 3774 Et
1238 3717 1319 3776 ut
1357 3709 1723 3777 minimum
1771 3711 2087 3778 absolute
2134 3711 2478 3795 subsistit,
2520 3711 2620 3777 ita
2659 3717 2728 3775 et
2769 3732 2870 3776 ra·

587 3832 775 3898 tione
811 3855 935 3921 per
972 3858 1042 3900 se
1079 3836 1314 3922 aliquo
1351 3845 1555 3925 pacto
1595 3838 1929 3927 capiatur.

770 4099 796 4148 1
834 4096 917 4166 ut]
945 4104 1004 4150 et
1129 4101 1194 4150 20
1224 4101 1572 4154 infoeliciter
