3738 5268
686 492 691 495 ’
821 496 901 557 38
1697 515 1975 561 mamm
2020 513 2222 561 Bavm

815 710 1097 776 ponam,
1147 695 1227 754 ut
1270 689 1394 755 ubi
1429 711 1568 755 una
1605 688 1867 777 pariter
1905 688 2269 774 dividitur,
2320 689 2537 755 altera
2587 687 2940 756 dividatur
2978 688 3102 755 im-

814 814 1116 902 pariter?
1140 814 1261 880 Fit
1292 815 1469 880 utin
1497 815 1762 882 duobus
1786 804 2156 902 triangulis
2183 815 2579 903 compositis
2604 815 2679 880 in
2717 815 2833 903 (ο),
2855 838 3103 904 nempe

815 939 1166 1025 triangulo
1232 940 1414 1004 ABG
1464 946 1533 1005 et
1579 939 1930 1026 triangulo
1995 939 2218 1027 ABD,
2278 941 2553 1027 quando
2611 965 2652 1007 a
2710 947 2970 1029 puncto
3035 942 3099 1006 D

813 1075 1003 1134 recta
1024 1068 1151 1135 OA
1181 1068 1565 1135 bissecatur
1583 1092 1706 1156 per
1736 1075 1999 1136 rectam
2029 1070 2174 1155 DS,
2216 1076 2404 1136 recta
2435 1070 2555 1135 AO
2583 1071 2968 1137 trisecatur.
2994 1071 3104 1136 Ex

734 1201 775 1265 ὅ
821 1217 957 1281 qua
1011 1193 1560 1260 consideratione
1619 1195 1838 1260 multa
1898 1194 2253 1261 commoda
2314 1203 2856 1282 consequuntur,
2928 1196 3096 1262 visis

814 1320 1026 1386 etiam
1052 1319 1475 1412 ‚differentiis
1513 1319 1807 1387 aliarum
1845 1319 2282 1406 obliquarum
2319 1321 2662 1389 linearum
2701 1323 3099 1390 intersecta-

813 1470 969 1513 rum
1016 1453 1085 1512 et
1132 1446 1726 1533 intersecantium,
1776 1455 1857 1513 ut
1913 1448 1989 1513 in
2049 1448 2173 1514 AT
2224 1448 2609 1516 bissecante
2665 1450 2924 1517 lineam
2982 1450 3098 1518 CO

815 1572 1156 1659 quomodo
1204 1580 1471 1639 secetur
1516 1596 1556 1639 a
1599 1572 1786 1639 linea
1832 1573 1969 1638 DS.
2017 1575 2135 1639 20.
2181 1574 2280 1643 Ut
2337 1574 2595 1641 lineam
2644 1599 2799 1642 cum
2857 1578 3099 1665 Pappo

818 1698 1198 1765 trisecabo?
1238 1697 1749 1764 Considerando
1789 1706 2046 1765 rectam
2084 1723 2124 1765 a
2163 1706 2400 1767 centro
2437 1700 2774 1789 trianguli
2806 1703 3103 1789 aequila-

688 1826 772 1891 10
815 1825 974 1908 teri,
1014 1831 1095 1891 ut
1141 1825 1218 1890 in
1250 1826 1328 1913 ᾧ
1363 1824 1547 1890 AEC
1596 1830 1855 1891 rectam
1901 1824 2028 1911 IB,
2078 1848 2224 1892 esse
2270 1827 2551 1893 tertiam
2595 1828 2750 1915 par}
2763 1834 2905 1894 tem
2952 1852 3100 1917 per·

814 1951 1280 2040 pendicularis
1335 1974 1375 2017 a
1422 1952 1680 2018 vertice
1726 1974 1903 2038 quae
1950 1959 2053 2018 est
2100 1952 2227 2017 AB
2271 1976 2395 2041 per
2456 1980 2498 2020 a
2552 1955 2629 2020 in
2684 1955 2907 2022 basim
2953 1956 3100 2022 FD.

815 2080 921 2144 21.
988 2076 1346 2156 Quomodo
1394 2076 1557 2143 data
1603 2083 1789 2144 recta
1836 2078 2207 2163 secabitur,
2256 2084 2335 2144 ut
2393 2052 2885 2168 rectangulum
2918 2103 3100 2148 com-

814 2202 1230 2293 prehensum
1286 2203 1414 2270 sub
1475 2209 1623 2270 tota
1683 2210 1755 2269 et
1812 2203 2028 2271 altero
2092 2213 2603 2291 segmentorum
2658 2208 2943 2293 aequale
3009 2208 3102 2274 sit

816 2328 1153 2417 quadrato
1208 2352 1248 2395 a
1295 2328 1559 2416 reliquo
1608 2330 2013 2416 segmento?
2074 2329 2150 2395 Si
2194 2336 2274 2396 ut
2330 2330 2406 2396 in
2474 2340 2544 2408 ἢν
2600 2355 2684 2398 ex
2729 2339 2917 2400 recta
2981 2334 3101 2399 EL

686 2459 770 2524 15
816 2457 940 2524 fiat
976 2455 1392 2542 quadratum
1439 2454 1692 2542 EGLI,
1743 2462 1813 2522 et
1858 2463 2197 2544 punctum
2243 2459 2302 2523 L
2348 2458 2425 2524 in
2471 2467 2807 2546 punctum
2853 2461 3100 2528 bisecti

817 2584 1055 2652 lateris
1094 2582 1398 2673 oppositi
1425 2584 1483 2671 f
1509 2583 1705 2668 fluat,
1748 2590 1818 2651 et
1866 2585 2172 2671 aequalis
2208 2585 2344 2674 ipsi
2394 2586 2501 2675 Lf
2530 2588 2952 2676 producatur
2991 2591 3098 2678 fe,

820 2722 889 2781 et
935 2714 998 2780 ei
1044 2712 1232 2801 parti
1277 2735 1413 2799 qua
1445 2713 1526 2800 fe
1584 2719 1949 2800 superatur
2004 2715 2307 2800 aequalis
2363 2717 2677 2803 capiatur
2733 2742 2938 2806 super
2985 2721 3099 2803 eL3

817 2839 978 2906 inde
1016 2838 1430 2925 quadratum
1471 2845 1539 2904 et
1576 2839 2058 2925 rectangulum
2090 2839 2479 2925 quaesitum
2525 2841 2823 2936 dabitur,
2863 2847 2968 2910 22.
3003 2846 3103 2913 Ut

819 2966 980 3033 data
1012 2972 1199 3032 recta
1231 2971 1536 3031 extrema
1570 2971 1639 3030 et
1677 2964 1903 3030 media
1936 2965 2205 3032 ratione
2237 2974 2423 3033 secta
2459 2968 2777 3035 dabitur?
2814 2970 2889 3036 Si
2921 2971 3103 3037 latus

685 3098 774 3163 20
818 3094 1166 3182 hexagoni
1202 3100 1271 3160 et
1302 3094 1485 3159 latus
1516 3092 1852 3179 decagoni
1891 3092 2113 3159 eidem
2145 3094 2399 3162 circulo
2437 3095 2931 3186 inscriptorum
2961 3099 2998 3165 I
3028 3100 3104 3166 in

818 3221 1001 3287 latus
1048 3242 1266 3286 unum
1328 3226 1849 3307 componantur.
1909 3219 2088 3286 Item
2163 3221 2222 3287 si
2266 3225 2648 3311 pentagoni
2695 3226 3104 3312 aequilateri

818 3351 887 3410 et
933 3344 1378 3432 aequianguli
1410 3343 1580 3410 duos
1619 3344 1739 3430 qui
1777 3343 2099 3433 deinceps
2137 3355 2522 3432 sequuntur
2550 3351 2842 3438 angulos
2878 3360 3105 3420 rectae

818 3470 1269 3556 subtendant,
1309 3476 1388 3535 ut
1426 3468 1611 3535 infra
1659 3468 1780 3535 ubi
1840 3470 1925 3535 de
1962 3471 2202 3558 figura.
2242 3474 2349 3538 23.
2388 3473 2487 3542 Ut
2524 3475 2599 3540 in
2646 3477 2850 3544 sectis
2889 3485 3107 3546 extre-

818 3617 930 3660 ma
961 3602 1032 3661 et
1068 3595 1293 3668 media
1324 3595 1592 3661 ratione
1618 3595 2025 3663 continuum
2050 3620 2493 3684 progressum
2523 3599 2819 3667 faciam?
2856 3603 2931 3669 Si
2966 3604 3106 3671 iam

683 3726 770 3791 25
818 3727 1042 3788 sectae
1098 3720 1228 3787 hoc
1264 3727 1470 3809 pacto
1526 3721 1855 3788 adiuncta
1902 3722 1994 3788 sit
2040 3724 2258 3791 altera
2306 3734 2660 3813 segmento
2709 3729 2955 3796 maiori
3001 3753 3107 3796 ae-

820 3848 1061 3932 qualis,
1095 3847 1201 3912 24.
1240 3847 1340 3915 Ut
1378 3846 1673 3913 mediam
1709 3849 2299 3936 proportionalem
2335 3851 2730 3920 inveniam?
2771 3856 2870 3923 Ut
2907 3857 2982 3922 in
3021 3858 3107 3946 Θ

826 3971 1010 4037 inter
1057 3971 1176 4038 LO
1234 3971 1356 4038 OB
1409 3972 1770 4039 invenitur
1830 3973 1974 4061 OC,
2040 3999 2194 4041 cum
2256 3984 2492 4044 centro
2554 3979 2781 4066 posito
2841 3989 3100 4070 puncto

820 4097 1122 4163 bisectae
1169 4099 1588 4185 compositae
1625 4099 1809 4164 LOB
1848 4101 2030 4186 quod
2070 4110 2175 4167 est
2222 4103 2314 4190 A,
2364 4112 2434 4169 et
2481 4105 2998 4174 circumfluente
3043 4110 3104 4174 B

820 4231 1080 4311 puncto
1106 4249 1119 4309 ;
1152 4224 1322 4290 haec
1354 4225 1609 4291 etenim
1642 4232 1748 4292 est
1778 4234 2020 4294 notata
2041 4253 2166 4316 per
2204 4232 2501 4298 mediam
2524 4234 2709 4300 inter
2735 4236 3107 4302 maximam

690 4347 779 4412 30
822 4355 892 4414 et
926 4349 1310 4432 minimam,
1350 4372 1525 4436 quae
1562 4373 1602 4416 a
1638 4359 1898 4438 puncto
1938 4352 1995 4417 O
2035 4360 2229 4421 extra
2269 4364 2582 4424 centrum
2621 4359 2861 4425 circuli
2892 4360 2967 4426 in
2996 4384 3109 4448 pe-

1008 4494 1041 4543 4
1073 4492 1177 4542 AG
1305 4493 1334 4543 7
1355 4493 1513 4557 forse
1536 4493 1634 4544 VT
1660 4493 1798 4544 biss.
1829 4494 1866 4544 1.
1895 4496 1990 4546 OD
2119 4499 2182 4548 10
2214 4500 2367 4549 AEG
2491 4501 2555 4550 20
2587 4500 2833 4568 exagoni

3147 1825 3334 1888 08¹*
