3738 5268
870 515 991 574 314
1474 527 1755 573 mmmm
1798 526 2006 570 anm
2048 527 2138 570 m:
2179 527 2449 588 mmmm,
2496 527 2554 571 v.

871 688 1004 750 Per
1040 690 1376 772 punctum
1415 690 1766 749 ostensum
1804 685 1896 766 (1)
1932 682 2209 767 gyratio
2249 681 2709 769 concipiatur,

869 803 1132 888 Utpote
1171 823 1344 886 quae
1383 799 1759 882 Bacchum,
1801 799 2200 862 Hermetem
2237 805 2422 864 secat
2460 805 2668 885 atque
2706 798 3028 866 Plutonis
3133 831 3159 870 5

872 917 1045 983 Oras
1085 916 1143 982 si
1179 917 1444 998 lubeat3
1487 916 1651 999 quia
1692 914 1946 980 sufficit
1982 921 2062 978 ut
2099 914 2191 978 sit
2229 913 2481 1001 Apollo

870 1033 1330 1120 Comprensus
1369 1029 1599 1115 radio,
1644 1030 1763 1114 qui
1798 1030 2102 1116 primum
2138 1029 2471 1106 terminat
2509 1053 2771 1115 arcum,

781 1145 824 1212 5
869 1151 1075 1234 Isque
1113 1147 1248 1213 tibi
1286 1147 1410 1212 fiat
1451 1153 1765 1210 centrum
1804 1145 2149 1230 ductoque
2188 1146 2486 1211 secundo

870 1265 1063 1352 Gyro
1104 1267 1195 1348 (2)
1234 1265 1392 1347 hoc,
1435 1284 1568 1348 quo
1607 1262 1803 1327 radio
1845 1261 2319 1348 Ganymedem
2360 1263 2590 1347 tangit
2629 1263 2911 1350 Apollo,

869 1381 1196 1466 Erigonis
1234 1385 1572 1467 punctum
1612 1377 1950 1460 invenies,
1993 1400 2197 1462 quem
2237 1378 2483 1443 deinde
2521 1385 2833 1465 reportat
3113 1407 3163 1444 ιο

866 1499 1092 1563 Arcus
1132 1496 1239 1562 bis
1280 1495 1473 1560 radio
1514 1517 1959 1582 comprensus
1995 1501 2152 1581 post
2191 1493 2687 1579 Ganymedem.

869 1613 1074 1678 Illinc
1112 1612 1423 1677 defluxus
1460 1611 2051 1699 perpendicularis
2088 1611 2410 1696 habetur,

736 1735 823 1798 10
870 1729 962 1793 Et
998 1734 1226 1794 rectus
1264 1749 1424 1793 vere
1462 1727 1597 1792 tibi
1636 1726 1950 1792 concidet
1990 1727 2284 1812 angulus
2324 1725 2541 1792 illinc.

868 1844 1040 1909 Inde
1077 1843 1196 1909 ubi
1238 1843 1619 1931 conspicias
1659 1866 1874 1928 aeque
1911 1843 2550 1931 perpendicularem

871 1961 1130 2027 Oceani
1166 1983 1206 2026 a
1243 1969 1501 2047 puncto
1538 1967 1935 2048 punctoque
1973 1961 2059 2025 ab
2098 1960 2446 2047 Apollinis
2486 1983 2656 2042 esse,
3112 1988 3159 2026 15

869 2077 1193 2142 Erectam
1231 2077 1542 2162 aequatis
1584 2084 2015 2142 constantem
2054 2076 2369 2142 lancibus
2403 2075 2626 2141 ambis

871 2192 1238 2258 Adtactam
1282 2193 1544 2270 semitis
1583 2194 1933 2259 radiorum
1973 2194 2047 2258 in
2086 2193 2237 2279 lege
2274 2193 2591 2280 repertiS‚

751 2309 831 2373 15
882 2311 1157 2388 Quanta
1196 2311 1406 2376 etiam
1446 2311 1807 2397 attingunt
1843 2318 2181 2398 punctum
2221 2311 2667 2397 Ganymedis.
2711 2310 2984 2377 Orestes
3184 2318 3492 2396 p.1‘?4

876 2425 1296 2493 Monstrabit
1337 2434 1586 2513 totum,
1628 2436 1694 2492 et
1735 2429 1961 2494 finitio
2000 2450 2162 2493 vera
2198 2427 2438 2514 petita.

1649 2736 1916 2781 VERTEX
1958 2736 2399 2783 DESOENDENS.

1054 2913 1200 2964 Super
1229 2916 1403 2953 rectam
1433 2923 1460 2952 a
1488 2912 1593 2953 dato
1626 2916 1816 2964 puncto,
1846 2913 1968 2963 quod
1997 2914 2045 2952 iu
2074 2925 2130 2953 ea
2158 2923 2251 2953 uon
2279 2916 2369 2963 est,
2406 2912 2833 2963 perpendicularem
2865 2914 2993 2953 duco.

885 3128 982 3193 At
1019 3127 1077 3193 si
1114 3149 1256 3193 non
1293 3126 1369 3191 in
1404 3148 1639 3211 quem,
1681 3125 1799 3191 sed
1838 3124 1921 3190 de
1964 3147 2098 3210 quo
2137 3131 2325 3190 recta
2366 3125 2702 3191 trahenda
2740 3126 2908 3191 haec
3120 3156 3172 3193 ευ

752 3249 840 3311 20
885 3246 1203 3309 Donatur
1240 3250 1539 3329 punctus
1579 3244 1700 3326 (3),
1741 3241 1825 3307 de
1861 3262 1997 3326 quo
2037 3241 2349 3306 subiecta
2388 3242 2479 3326 (4)
2521 3247 2825 3329 receptet

886 3361 1136 3425 Casum
1176 3359 1259 3424 de
1297 3381 1569 3424 sursum
1607 3366 1833 3423 rectae
1871 3357 2545 3443 perpendicularem,

887 3476 1151 3561 Nempe
1187 3473 1351 3539 hinc
1392 3496 1526 3558 qua
1561 3473 1741 3538 fiunt
1778 3473 2163 3539 Concordia
2204 3472 2584 3557 Gratiaque
2622 3496 2867 3558 unum,

894 3589 1286 3668 Quamlibet
1321 3589 1500 3654 hanc
1537 3596 1807 3653 tensam
1845 3587 2103 3675 capiaS‚
2148 3588 2267 3653 ubi
2307 3589 2591 3676 concipe
2628 3596 2888 3675 puncta

892 3708 1107 3791 (Quae
1144 3728 1329 3772 nunc
1366 3706 1508 3771 sint
1543 3704 1693 3790 ipsa
1734 3711 1802 3769 et
1835 3704 2221 3770 Concordia
2264 3704 2644 3790 Gratiaque
2681 3705 2887 3792 ipsa),
3125 3735 3179 3773 25

758 3823 844 3887 25
890 3823 954 3889 A
988 3823 1240 3909 quibus
1277 3829 1632 3888 ostensum
1668 3843 1883 3906 aeque
1922 3822 2311 3886 abstantem
2346 3845 2620 3887 cernere
2658 3822 2878 3909 possis

893 3942 1265 4023 Punctum,
1307 3945 1384 4003 ut
1423 3938 1623 4003 deinc
1662 3936 1965 4003 medium
2004 3936 2189 4002 dicta
2226 3937 2409 4002 inter
2445 3938 2611 4003 bina
2648 3942 2739 4021 (ὃ)
2779 3945 3098 4004 notatum

893 4057 1238 4139 InvenieS‚
1283 4056 1501 4121 veluti
1537 4055 1906 4120 libramine
1946 4054 2037 4119 sit
2077 4054 2521 4119 manifestum

895 4175 1114 4259 Inque
1152 4174 1378 4259 ipsum
1418 4171 1675 4237 recidet
1711 4171 2244 4237 demonstranda
2283 4171 2403 4235 illa
2440 4170 2661 4256 petita
2699 4172 2792 4253 (6)

893 4294 1001 4357 Ex
1031 4291 1160 4356 hoc
1201 4290 1382 4376 quod
1419 4290 1628 4354 finem
1665 4289 1883 4354 multo
1923 4288 2369 4354 inclinamine
2410 4294 2778 4372 utrumque
2817 4289 2909 4369 (7)
3128 4316 3180 4354 30

764 4411 852 4475 30
896 4405 1511 4492 Respicitadnexo
1550 4410 1775 4469 costae
1815 4425 2031 4489 aequo
2070 4404 2349 4468 tramite
2388 4403 2713 4488 utrinque
2754 4404 2866 4486 (8).

901 4522 1320 4589 Monstrabit
1358 4528 1581 4588 totum
1618 4520 1843 4586 finitio
1883 4543 2047 4584 vcra
2084 4519 2362 4609 petitae.
