3738 5268
1221 526 1850 573 commumxrmnss
1892 527 1976 571 nx
2018 526 2280 573 ummo.
2775 512 2892 571 229

613 677 891 739 diametri
941 687 1151 757 partes
1185 688 1369 758 atque
1411 690 1620 742 costae
1663 688 1807 742 sunt
1848 681 2170 759 aequales,
2207 689 2269 741 et
2318 680 2474 741 ratio
2508 681 2675 740 nulla
2708 699 2897 740 rema-

612 801 756 855 neat
794 815 912 872 qua
960 804 1193 856 costam
1235 796 1514 872 quadrati
1574 796 1911 858 diametrus
1963 795 2237 858 excedat.
2288 798 2476 856 Patet
2523 796 2706 856 etiam
2756 794 2903 871 quid

614 909 936 971 dicendum
989 910 1072 971 sit
1112 911 1191 971 ad
1238 912 1620 991 propositum
1675 912 1929 973 alterius
1988 933 2167 990 quam
2220 918 2470 973 movent
2523 911 2899 972 difficultatis

616 1027 869 1087 eandem
904 1027 1396 1088 distributionem
1431 1028 1715 1089 faciendo
1757 1029 1820 1087 in
1865 1028 2102 1088 duabus
2136 1029 2325 1089 rectis
2377 1028 2591 1105 lineis,
2654 1047 2809 1105 quae
2863 1047 2899 1086 a

615 1155 824 1203 centro
861 1143 1252 1220 egredientes
1296 1144 1579 1205 continue
1623 1144 1913 1205 maiorem
1970 1145 2047 1204 ab
2104 1144 2364 1205 invicem
2422 1143 2777 1204 distantiam
2818 1144 2904 1201 in-

527 1142 568 1204 m

616 1267 889 1337 currunt,
930 1267 993 1320 et
1046 1268 1352 1336 nequeunt
1389 1261 1476 1321 ita
1508 1260 1859 1322 immediate
1915 1259 2324 1320 adhaerentes
2383 1267 2593 1339 partes
2652 1259 2902 1319 maioris

614 1372 775 1433 sicut
824 1374 1030 1434 circuli
1093 1376 1403 1436 concentri
1440 1375 1691 1436 minoris
1729 1376 2124 1455 pertransire.
2166 1374 2427 1436 Constat
2476 1381 2679 1435 autem
2724 1375 2902 1435 nobis

616 1510 691 1551 ex
733 1490 945 1568 dictis,
991 1501 1061 1553 ut
1095 1514 1213 1553 non
1251 1513 1461 1554 omnes
1513 1502 1722 1572 partes
1777 1501 2052 1555 centrum
2088 1492 2421 1571 attingant,
2456 1513 2653 1569 neque
2693 1513 2902 1553 omnes

615 1607 813 1669 lineae
860 1609 1225 1688 simpliciter
1283 1611 1479 1689 primo
1544 1611 1624 1671 ad
1688 1584 1925 1671 omnem
1982 1608 2532 1670 circumferentiam
2588 1631 2625 1668 a
2686 1618 2897 1669 centro

487 1720 572 1784 lO
617 1724 1040 1803 egrediantur;
1068 1746 1250 1805 porro
1276 1726 1439 1788 inter
1471 1728 1624 1788 alias
1656 1734 1867 1788 extant
1902 1735 2200 1805 perpetuo
2235 1727 2485 1787 ultimae
2520 1746 2629 1787 sex
2665 1726 2901 1785 duabus

617 1842 989 1919 compositae
1012 1845 1307 1923 partibuS,
1337 1864 1490 1921 quae
1519 1864 1554 1903 a
1584 1843 1808 1903 circulo
1840 1843 2171 1923 penultimo
2202 1842 2615 1919 egrediuntur,
2645 1842 2899 1902 totidem

615 1956 761 2017 item
793 1979 948 2035 quae
983 1967 1255 2020 centrum
1290 1961 1654 2039 simpliciter
1682 1960 1946 2021 medium
1981 1961 2292 2036 attingunt
2324 1968 2654 2038 perpetuo,
2693 1979 2892 2036 quem-

617 2073 942 2136 admodum
974 2076 1036 2135 in
1066 2097 1208 2138 area
1241 2077 1582 2138 Democriti
1616 2078 1878 2138 adaucta
1914 2085 2009 2137 est
2051 2076 2457 2155 perspicuum.

775 2201 808 2247 ἵ
851 2191 1179 2270 Proposito
1235 2213 1462 2254 canone
1514 2215 1635 2254 non
1683 2200 1822 2253 utar
1861 2192 1925 2252 in
1965 2193 2316 2253 inventione
2369 2191 2629 2270 minimi,
2686 2192 2791 2252 ubi
2856 2214 2893 2252 a

491 2300 571 2364 15
616 2306 907 2385 trianguli
949 2308 1228 2371 isoscelis
1272 2310 1496 2388 angulo
1531 2309 1608 2370 de
1644 2309 1811 2370 basis
1848 2310 2189 2386 quantitate
2231 2307 2533 2385 diiudicO,
2569 2307 2729 2368 unde
2771 2328 2892 2369 non

617 2423 950 2484 secundum
984 2424 1294 2504 propriam
1327 2426 1507 2486 istam
1546 2425 2038 2485 directitudinem
2076 2425 2276 2485 lineae
2303 2423 2667 2503 procedunt.
2711 2424 2903 2500 Atqui

617 2541 703 2602 ibi
738 2562 859 2601 non
903 2543 1191 2619 aequales
1234 2542 1467 2620 figurae
1510 2551 1749 2623 partes,
1795 2542 1908 2604 sed
1963 2542 2141 2603 unius
2175 2550 2358 2620 atque
2411 2543 2666 2603 alterius
2698 2541 2899 2603 lineae
2952 2575 2962 2586 ·

617 2659 1108 2738 proportionales
1141 2661 1605 2741 investigamus,

778 2791 812 2838 ‘ff
854 2777 1022 2836 Alibi
1055 2774 1252 2838 fusius
1284 2779 1681 2856 meminimus,
1713 2787 1782 2840 ut
1806 2779 1969 2840 linea
1992 2778 2235 2856 oblique
2268 2777 2494 2838 lineam
2521 2776 2903 2837 intersecans

487 2880 578 2944 20
621 2911 742 2952 non
781 2893 1112 2954 secundum
1148 2903 1462 2974 punctum,
1501 2896 1612 2958 sed
1655 2898 1989 2957 secundum
2031 2897 2278 2975 longum
2312 2894 2669 2970 intersecet,
2718 2900 2903 2971 utque

620 3009 770 3068 nihil
805 3010 1055 3073 stultius
1088 3011 1237 3089 fingi
1268 3013 1497 3091 possit,
1532 3034 1713 3091 qnam
1749 3013 1911 3090 quod
1946 3013 2181 3090 dicunt,
2227 3013 2341 3072 sub
2384 3011 2525 3091 polo
2561 3008 2904 3070 inhabitan-

621 3124 785 3186 tibus
824 3127 886 3186 in
929 3135 1153 3205 puncto
1198 3128 1495 3207 temporis
1539 3135 1706 3189 totus
1749 3129 2165 3189 semicirculus
2206 3127 2524 3205 adsurgat,
2569 3134 2633 3186 et
2682 3125 2903 3186 diame-

620 3249 752 3301 trus
788 3261 861 3302 ex
896 3262 966 3303 eo
1001 3244 1164 3320 quod
1205 3251 1338 3304 tota
1377 3265 1565 3324 super
1604 3245 1943 3307 horizontis
1977 3245 2157 3324 plano
2201 3243 2606 3320 incumbebat,
2647 3249 2902 3320 repente

622 3358 699 3417 ad
742 3359 1015 3420 eiusdem
1071 3361 1133 3420 in
1187 3369 1411 3440 puncto
1466 3362 1964 3424 intersectionem
2014 3370 2362 3439 moveatur,
2412 3369 2475 3421 et
2526 3368 2731 3421 tamen
2782 3358 2901 3437 ipsi

490 3468 577 3532 25
621 3476 807 3536 iidem
836 3479 939 3554 qui
972 3486 1198 3539 motum
1236 3478 1295 3537 in
1326 3479 1583 3540 instanti
1619 3500 1739 3539 non
1775 3499 1916 3540 esse
1950 3478 2355 3554 contendunt,
2387 3477 2524 3538 heic
2556 3475 2617 3535 in
2650 3475 2903 3535 instanti

620 3594 697 3652 ab
730 3614 850 3653 uno
886 3602 1157 3655 extremo
1203 3596 1281 3655 ad
1317 3595 1575 3656 alterum
1612 3605 1948 3657 extremum
1992 3595 2245 3656 huiusce
2277 3592 2487 3671 generi
2523 3591 2903 3670 progressio-

618 3731 755 3772 nem
789 3713 991 3792 (quam
1028 3733 1146 3772 non
1177 3722 1273 3774 est
1307 3713 1605 3793 possibile
1638 3722 1705 3773 ut
1740 3713 1983 3790 ingenio
2017 3733 2235 3792 capere
2271 3710 2538 3790 possint)
2576 3710 2784 3773 verbis
2820 3707 2904 3769 ef·

620 3830 853 3906 fingant
887 3838 950 3890 et
984 3830 1471 3910 pertinacissime
1507 3830 1948 3892 deblaterando
1986 3837 2289 3890 tueantur.

743 3989 776 3994 Ί--
1759 3994 1800 3998 —
1843 3989 2896 3998 fflWss-ffl———u

809 4073 867 4123 15
899 4073 1185 4126 Isochelis
