3738 5268
1365 509 1453 552 m:
1495 508 1720 554 mmm
1762 507 2173 554 mmmmm.
2799 489 2913 547 169

1525 833 1828 900 CAPVT
1895 832 2023 897 IX.

950 981 1206 1022 Discrimen
1231 981 1407 1022 minimi
1432 981 1489 1021 ad
1510 991 1691 1021 sensnm
1715 991 1743 1020 a
1766 980 1953 1020 minimo
1975 978 2242 1029 simpliciter
2268 988 2347 1018 scu
2368 980 2584 1017 naturae.

800 1137 1198 1204 Subsistens
1223 1137 1591 1203 minimum
1615 1159 1699 1202 ex
1723 1157 1857 1221 quo
1885 1141 2050 1200 sunt
2074 1137 2454 1220 composta,
2480 1131 2665 1216 quod
2688 1152 2910 1197 unum

619 1254 708 1318 In
745 1253 882 1319 fine
914 1253 1279 1340 attingunt
1318 1259 1578 1339 quanta
1613 1252 1780 1317 haec
1821 1271 2296 1336 quaecumque
2335 1253 2685 1330 creantur,

530 1371 571 1435 5
618 1369 724 1434 Ne
762 1370 997 1436 credas
1036 1369 1304 1436 modico
1343 1368 1692 1454 seiungier
1728 1366 2097 1434 intervallo

616 1487 681 1553 A
721 1486 1012 1554 minimo
1050 1486 1305 1553 nostris
1344 1487 1614 1552 obiecto
1653 1486 1994 1570 sensibuS,
2031 1484 2245 1549 altam

615 1602 936 1690 Accipite
975 1602 1161 1668 docti
1199 1603 1539 1668 rationem
1577 1609 1806 1668 mente
1845 1600 2154 1685 Lucreti,
2882 1626 2907 1665 5

615 1717 888 1784 Iudicat
927 1724 1007 1783 ut
1046 1718 1241 1784 tenui
1278 1725 1528 1784 natura
1568 1725 1837 1785 constet
1875 1718 2124 1803 imagO.

614 1832 857 1919 Inquit
887 1833 1073 1900 enim
1109 1857 1338 1901 rerum
1375 1835 1754 1922 primordia
1793 1856 2080 1922 corpora
2116 1833 2340 1920 prima

485 1951 569 2014 10
612 1950 836 2016 Tanto
875 1950 1060 2016 infra
1097 1959 1369 2018 nostros
1408 1975 1644 2018 sensus
1682 1958 2019 2037 tantoque
2057 1949 2350 2035 minora,

616 2067 714 2135 Ut
751 2068 922 2133 mire
959 2069 1046 2134 ad
1078 2069 1310 2136 oculos
1349 2069 1673 2134 minimae
1708 2069 1918 2154 longo
1950 2067 2187 2134 ordine
2223 2075 2456 2154 partes

615 2183 1077 2269 Linquantur.
1120 2184 1478 2271 Siquidem
1510 2191 1579 2249 et
1611 2184 2027 2250 animalcula
2062 2190 2263 2249 tanta
2297 2184 2637 2267 videmu8‚
2851 2212 2900 2251 ιο

615 2298 847 2364 Tertia
884 2322 1045 2386 pars
1079 2317 1372 2385 quorum
1411 2299 1603 2365 nulla
1641 2300 1906 2365 virtute
1943 2299 2172 2366 notari

610 2416 858 2483 Possit.
902 2417 1253 2495 Quantum
1291 2440 1453 2503 ergo
1493 2419 1848 2485 cerebrum
1885 2427 2334 2505 ventremque
2371 2418 2803 2506 putandum?

483 2539 563 2604 15
614 2533 872 2612 Quanti
910 2532 1133 2599 oculi?
1171 2533 1524 2611 Quantum
1561 2556 1702 2619 cor,
1742 2557 2028 2620 nervus,
2065 2535 2358 2621 viscera,
2402 2558 2575 2620 quae
2614 2540 2779 2601 sunt

607 2652 936 2719 Partibus
973 2651 1136 2717 inde
1175 2652 1331 2718 aliis
1369 2660 1627 2719 certam
1668 2675 1941 2739 quoque
1978 2660 2183 2719 nacta
2214 2653 2535 2741 figuram,

607 2770 701 2835 Et
731 2769 997 2858 pariter
1034 2769 1247 2835 variis
1290 2770 1681 2836 consistunt
1718 2770 2027 2857 undique
2065 2771 2433 2838 membris?
2849 2798 2900 2838 ιε

609 2888 800 2955 Haec
840 2912 1002 2955 sane
1040 2913 1081 2955 a
1110 2889 1416 2978 propriis
1456 2896 1717 2974 quanto
1750 2890 2010 2955 distent
2048 2889 2432 2975 elementis,

609 3004 842 3090 Atque
879 3028 1080 3072 suum
1120 3005 1488 3072 minimum
1526 3013 1867 3091 quantum
1904 3030 2013 3072 ars
2051 3006 2420 3093 frugaliter
2460 3013 2687 3094 urget,

475 3122 564 3186 20
607 3121 817 3188 Nullo
856 3129 1266 3208 argumento
1306 3145 1703 3190 concessum
1741 3132 1846 3190 est
1883 3146 2083 3211 posse
2119 3123 2371 3190 videre.

765 3312 1081 3373 Minimum
1117 3320 1372 3375 naturae
1401 3334 1511 3375 seu
1543 3315 1729 3393 reale,
1769 3322 1837 3376 ut
1877 3316 2029 3377 mire
2061 3315 2222 3376 infra
2259 3315 2553 3376 sensibile
2584 3316 2895 3376 minimum

608 3436 986 3490 contractum
1021 3428 1129 3507 sit,
1177 3452 1299 3491 non
1355 3439 1451 3492 est
1503 3432 1687 3493 ullius
1740 3433 1892 3492 artis
1946 3431 2217 3493 definire.
2275 3434 2377 3493 Ad
2421 3434 2588 3495 haec.
2657 3433 2895 3495 Scimus

607 3546 917 3607 minimum
946 3547 1241 3608 sensibile
1275 3570 1310 3608 a
1340 3549 1476 3609 visu
1501 3548 1957 3628 perfectissimo
1993 3550 2227 3630 percipi
2267 3572 2484 3630 posse,
2520 3552 2747 3628 alioqui
2775 3573 2896 3613 non

606 3671 774 3724 esset
803 3664 1111 3726 sensibile.
1148 3665 1596 3742 Distinguimus
1626 3667 1919 3727 sensibile
1944 3667 2005 3726 in
2034 3687 2261 3744 genere
2297 3689 2332 3727 a
2364 3668 2639 3729 sensibili
2670 3668 2734 3729 in
2763 3690 2897 3747 spe-

474 3775 561 3841 25
608 3778 716 3840 cie.
758 3780 939 3853 Quod
990 3783 1068 3842 ad
1107 3783 1393 3862 primum,
1431 3784 1582 3843 nihil
1629 3792 1728 3845 est
1756 3784 1823 3844 in
1860 3784 2068 3863 specie
2112 3784 2272 3861 quod
2308 3805 2428 3844 non
2464 3785 2796 3846 affirmetur
2831 3786 2894 3848 in

606 3916 867 3974 genere3
899 3898 1118 3960 iccirco
1155 3901 1516 3978 simpliciter
1545 3901 1838 3962 sensibile
1876 3922 1951 3962 ex
1990 3922 2215 3978 genere
2251 3901 2584 3964 sensitivae
2615 3905 2895 3964 substan·

608 4015 736 4076 tiae
768 4015 1071 4077 definitur.
1113 4014 1289 4087 Quod
1317 4018 1395 4077 ad
1426 4017 1783 4097 secundum,
1819 4040 1930 4098 pro
1975 4020 2320 4099 specierum
2353 4021 2716 4083 diversitate
2750 4023 2890 4085 visi-

610 4132 872 4193 bilitatis
914 4141 1097 4211 atque
1143 4135 1481 4197 visivitatis
1513 4136 1745 4212 gradus
1780 4145 1924 4197 sunt
1977 4137 2235 4214 diversi;
2279 4139 2535 4217 proinde
2579 4139 2888 4201 minimum

612 4249 901 4309 sensibile
937 4271 973 4309 a
1005 4251 1251 4312 minimo
1294 4260 1547 4313 naturae
1591 4254 1847 4314 multum
1899 4255 2122 4315 abstat.
2171 4255 2334 4315 Illud
2382 4256 2542 4316 enim
2579 4257 2739 4317 sicut
2778 4277 2893 4337 per

475 4359 564 4424 30
609 4364 984 4426 additionem
1015 4366 1254 4447 dicitur,
1280 4369 1367 4429 ita
1400 4377 1463 4430 et
1496 4390 1608 4448 per
1642 4369 2018 4431 additionem
2044 4373 2338 4432 consistat
2369 4381 2631 4452 oportet,
2665 4373 2892 4451 alioqui

798 4504 853 4552 14
884 4501 958 4553 sic
1087 4505 1147 4553 15
1181 4504 1422 4553 abbiamo
1450 4476 2056 4573 ffilcffl'interroyatico
2086 4480 2224 4571 dopo
2249 4522 2346 4558 cor

873 4596 1024 4637 Bssum
1057 4598 1163 4646 Opp.
1193 4599 1272 4636 (ae.
1298 4598 1406 4647 1‚3.
2520 4603 2571 4641 22
