3738 5268
1346 530 1435 574 m:
1476 529 1699 575 numu
1740 529 2154 575 EXISTENTIA.
2780 507 2847 568 17
2854 512 2891 568 9

607 685 755 755 Aut
792 685 1003 750 etiam
1043 684 1353 768 alteriUS,
1395 685 1453 749 si
1492 684 1632 750 fors
1671 683 1831 749 data
1872 682 2208 748 claudicet
2246 682 2391 762 illa,
2839 706 2891 743 55

608 799 949 865 Concludi
984 800 1242 887 poterit
1281 805 1448 885 quot
1485 807 1710 865 totum
1747 799 2062 886 partibus
2102 805 2353 880 exstet,

610 916 745 979 Per
782 937 853 981 se
890 921 1010 982 aut
1047 937 1171 1002 per
1208 914 1550 1002 reliquum
1589 939 1912 982 numerus
1952 938 2105 981 cum
2145 914 2420 980 ducitur
2456 914 2721 979 harum.

775 1212 826 1269 1.
870 1210 1101 1288 Figura
1135 1212 1366 1272 minimi
1414 1212 1579 1290 plani
1629 1213 1891 1273 circulus
1943 1219 2064 1284 est,
2121 1211 2350 1272 minimi
2400 1208 2582 1270 solidi
2635 1207 2896 1284 globus;

524 1329 568 1392 ὅ
618 1345 945 1404 omnesque
977 1327 1213 1406 figurae
1247 1329 1464 1409 planae
1498 1352 1533 1391 a
1568 1328 1768 1409 cyclo,
1806 1338 1869 1390 et
1901 1329 2135 1390 solidae
2165 1350 2201 1388 a
2235 1328 2418 1405 globo
2454 1345 2564 1404 per
2598 1324 2886 1403 angulum

617 1441 927 1505 differunt.

777 1565 812 1614 ¹¹
850 1564 907 1621 4.
954 1561 1165 1623 Omnis
1200 1562 1396 1641 figura
1430 1563 1612 1642 plana
1653 1562 1985 1623 resolvitur
2027 1560 2087 1619 in
2141 1559 2508 1637 triangulos,
2567 1555 2763 1616 omnis
2807 1574 2897 1615 so-

616 1676 741 1736 lida
772 1676 833 1736 in
868 1678 1247 1756 pyramideS‚
1284 1688 1590 1756 tamquam
1626 1678 1688 1738 in
1722 1698 1794 1738 ea
1829 1696 1905 1737 ex
1938 1676 2158 1753 quibus
2194 1674 2549 1736 conflantur.

775 1790 810 1839 ἵ
864 1798 953 1856 11.
1017 1797 1333 1857 Minimum
1389 1817 1537 1859 vero
1586 1816 1724 1858 esse
1772 1796 2101 1856 rotundum
2165 1793 2618 1869 manifestatur,
2680 1791 2875 1871 primo

485 1914 572 1978 10
616 1913 751 1998 senff
766 1933 839 1975 su
881 1921 944 1974 et
991 1914 1424 1992 imaginatione
1471 1915 1814 1995 (quodlibet
1860 1914 2017 1975 enim
2072 1913 2363 1975 sensibile
2412 1920 2476 1973 et
2508 1910 2899 1989 imaginabile
2945 1900 3195 1977 P·4''?

621 2031 913 2109 angulare
950 2033 1235 2093 cornibus
1272 2032 1572 2111 exemptis
1614 2038 1823 2111 potest
1867 2031 2083 2092 sentiri
2134 2031 2396 2109 minus);
2453 2029 2721 2090 secundo
2763 2029 2900 2108 ipsa

621 2156 989 2210 extenuante
1023 2158 1243 2211 natura
1277 2148 1543 2227 (lapides
1579 2149 1737 2209 enim
1775 2157 1836 2209 et
1872 2148 2197 2210 durissima
2239 2168 2514 2226 quaeque
2548 2149 2743 2227 primo
2773 2168 2899 2208 cor-

616 2267 796 2328 nibus
831 2268 1229 2346 atteruntur);
1278 2266 1461 2327 tertio
1506 2265 1801 2327 distantia
1859 2267 2220 2328 diametrum
2262 2268 2463 2345 ipsum
2506 2273 2897 2341 attenuante;

613 2382 1169 2462 appropinquantia
1198 2382 1356 2443 enim
1392 2382 1590 2459 magis
1625 2390 1808 2458 atque
1841 2383 2040 2458 magis
2077 2382 2404 2443 adsumunt
2438 2382 2721 2460 propriae
2750 2380 2901 2459 figu-

484 2492 566 2556 15
611 2518 717 2558 rae
752 2506 934 2576 atque
968 2498 1148 2558 molis
1181 2498 1465 2576 angulos,
1505 2518 1658 2574 quos
1692 2497 2047 2559 recedentia
2083 2496 2447 2558 obtundunt.

770 2621 804 2668 Ἥ
845 2617 940 2676 31.
985 2615 1058 2676 In
1094 2616 1277 2694 plano
1312 2634 1459 2694 ergo
1508 2623 1652 2677 sunt
1696 2615 1852 2676 duae
1895 2616 2125 2695 primae
2166 2614 2451 2676 minimae
2502 2622 2565 2676 et
2597 2613 2898 2675 maximae

610 2731 876 2809 figurae,
911 2730 1256 2809 triangulus
1298 2731 1592 2792 videlicet
1634 2739 1697 2791 et
1731 2732 2019 2806 circulus3
2075 2732 2137 2791 in
2195 2729 2396 2791 solido
2451 2730 2710 2790 totidem
2759 2731 2896 2790 istis

610 2848 1091 2930 respondentem,
1148 2849 1423 2927 pyramis
1464 2857 1528 2909 et
1570 2850 1850 2928 sphaera.
1895 2850 2068 2909 Inter
2105 2857 2397 2909 coeuntes
2441 2850 2702 2910 circulos
2757 2859 2899 2909 sunt

609 2969 904 3049 trianguli
936 2968 1206 3045 recurvi,
1244 2968 1406 3028 iuter
1440 2974 1731 3029 coeuntes
1773 2968 2070 3047 sphaeras
2121 2967 2527 3046 pyramidalia
2561 2969 2770 3047 spacia
2803 2989 2896 3028 re-

478 3097 568 3161 20
613 3107 934 3148 curvarum
969 3085 1252 3147 similiter
1285 3086 1629 3147 hedrarum.
1663 3087 1727 3146 Si
1759 3086 2138 3146 rectilineam
2175 3086 2430 3164 figuram
2465 3086 2529 3145 in
2564 3088 2800 3165 cyclum
2836 3095 2899 3147 et

617 3205 875 3284 angulos
910 3205 1188 3266 dividere
1224 3205 1468 3283 cupias,
1498 3204 1827 3264 succedent
1867 3204 1982 3264 tibi
2028 3225 2101 3265 ex
2146 3206 2349 3266 curvis
2388 3214 2451 3267 et
2496 3206 2683 3266 rectis
2717 3207 2897 3266 lineis

616 3322 938 3402 compositi
972 3322 1297 3401 trianguli,
1333 3321 1496 3382 unde
1550 3321 1981 3400 comprehendi
2039 3323 2184 3383 licet
2238 3323 2597 3402 simpliciter
2650 3325 2896 3383 minima

616 3462 755 3505 esse
802 3441 1091 3501 circulum
1128 3448 1190 3499 et
1225 3438 1549 3516 sphaeram
1601 3457 1735 3498 cum
1780 3438 2089 3516 triangulo
2144 3439 2510 3518 curvilineo,
2548 3447 2614 3500 at
2654 3460 2898 3502 recava-

608 3583 744 3624 rum
772 3558 1230 3640 superficierum
1266 3557 1662 3636 pyramidem.

479 3690 566 3755 25
772 3685 806 3731 Ἥ
847 3680 943 3738 42.
988 3679 1184 3738 Porro
1226 3695 1346 3737 non
1381 3684 1478 3737 est
1505 3677 1667 3751 quod
1699 3696 1893 3752 usque
1928 3676 2081 3737 adeo
2117 3678 2392 3738 resolvat
2426 3680 2633 3756 praxis
2655 3698 2893 3755 geome-

612 3797 770 3858 trica
821 3796 1000 3873 haec,
1056 3793 1282 3874 quippe
1335 3795 1398 3853 in
1445 3794 1819 3855 resolutione
1875 3794 2327 3856 rectilinearum
2370 3796 2727 3875 figurarum,
2784 3817 2890 3857 seu

613 3914 831 3993 planae
863 3912 1005 3973 illae
1041 3913 1164 3972 sint
1199 3932 1308 3973 seu
1344 3912 1604 3988 solidae,
1642 3932 1963 3991 perperam
1995 3912 2336 3974 vacuitates
2372 3912 2749 3990 intelligeret
2800 3914 2888 3972 in-

609 4029 959 4105 termixtas;
1005 4029 1115 4090 sed
1150 4029 1401 4108 expedit
1439 4036 1507 4089 ut
1549 4036 1846 4108 perpetuo
1890 4030 2198 4089 minimum
2251 4029 2523 4089 eiusdem
2580 4031 2893 4109 intelligat

611 4165 749 4206 esse
783 4145 1015 4221 figurae
1050 4152 1231 4221 atque
1266 4152 1495 4204 totum:
1532 4145 1692 4219 quod
1726 4145 1787 4205 in
1832 4145 2060 4205 circulo
2102 4155 2286 4222 atque
2331 4145 2595 4223 sphaera
2643 4166 2761 4205 non
2796 4157 2894 4208 est

479 4265 568 4330 30
610 4260 935 4340 possibile;
971 4259 1289 4337 siquidem,
1315 4269 1383 4320 ut
1407 4259 1809 4337 explicabitur
1842 4260 2024 4338 paulo
2057 4261 2241 4321 etiam
2270 4268 2438 4340 post,
2473 4261 2535 4321 in
2568 4262 2782 4322 horum
2805 4282 2895 4323 re-

610 4377 912 4438 solutione
937 4375 1198 4455 duplicis
1226 4375 1455 4454 speciei
1483 4375 1792 4435 minimum
1819 4385 2062 4454 oportet
2099 4377 2537 4438 connumerari.
2563 4378 2739 4440 Nunc
2762 4380 2893 4441 eius

610 4493 773 4572 quod
807 4492 1030 4554 dicitur
1064 4492 1141 4552 de
1175 4493 1377 4572 planis
1412 4500 1594 4570 atque
1628 4493 1963 4553 rectilineis
2000 4493 2402 4575 archetypum
2440 4494 2791 4555 adiecimus.
