3738 5268
1073 510 1385 556 ART1cvm
1427 509 1767 555 Anvssnsvs
1806 507 2339 554 MArnnuartcos.
2772 492 2849 551 55

566 683 1019 750 subtendetur
1041 683 1232 749 arcui
1258 681 1377 747 GC
1403 682 1511 747 vel
1536 680 1692 764 ΗΕ,
1720 681 1902 745 latus
1935 679 2066 746 erit
2094 678 2399 765 18·goni.
2432 680 2575 744 107.
2605 680 2702 745 Ut
2735 680 2855 745 ali·

565 809 718 875 ter?
759 809 879 874 Fit
916 807 1085 874 item
1124 806 1407 874 liberius
1445 806 1519 872 in
1566 816 1611 896 ῼ
1661 805 1844 871 linea
1879 805 2005 870 AB
2053 805 2127 870 in
2175 812 2438 891 septem
2477 813 2707 892 partes
2756 807 2855 872 di-

566 933 714 999 visa
761 941 831 999 et
868 932 1129 999 bisecta
1170 933 1243 998 in
1278 938 1538 1019 puncto
1583 929 1667 1015 C,
1706 938 1776 997 et
1823 954 2029 1019 super
2075 937 2265 996 recta
2313 931 2354 995 3
2408 931 2453 995 4
2499 930 2853 1018 triangulo

569 1058 991 1145 aequilatero
1030 1060 1071 1124 3
1108 1059 1153 1123 4
1190 1058 1252 1123 D
1287 1057 1684 1124 constituto.
1724 1057 1902 1122 Item
1941 1056 2122 1122 circa
2156 1062 2470 1121 centrum
2502 1055 2565 1119 D
2606 1057 2756 1144 ipso
2789 1060 2848 1124 A

481 1194 521 1255 ἴ)
568 1184 1358 1270 circumfluentesatque
1394 1182 1652 1249 fluente
1699 1189 1936 1247 centro
1997 1182 2058 1245 D
2098 1203 2221 1268 per
2282 1181 2335 1247 O
2397 1181 2470 1247 in
2518 1191 2854 1269 punctum

572 1308 1171 1374 circumferentiae
1194 1308 1271 1373 Ε.
1294 1308 1458 1374 Mox
1506 1308 1565 1373 si
1626 1306 1741 1371 CF.
1787 1305 1861 1371 in
1909 1313 2170 1394 puncto
2225 1307 2284 1372 F
2346 1307 2724 1394 bisecetur‚
2786 1318 2856 1375 et

568 1441 906 1522 punctum
943 1436 984 1499 2
1023 1456 1147 1522 per
1183 1433 1242 1498 F
1280 1432 1455 1500 fluat
1486 1433 1560 1497 in
1601 1431 1692 1517 Gr,
1732 1439 1802 1497 et
1845 1439 2181 1519 punctum
2230 1433 2272 1497 5
2308 1456 2432 1519 per
2469 1434 2527 1499 F
2560 1434 2734 1500 fluat
2781 1435 2856 1502 in

570 1560 645 1625 in
678 1560 776 1644 Η,
814 1568 983 1626 tunc
1021 1559 1542 1626 adcommodata
1569 1565 1756 1624 recta
1782 1557 1920 1621 GH
1950 1557 2131 1623 latus
2153 1566 2256 1623 est
2288 1559 2610 1647 inscripti
2650 1582 2858 1626 nona-

570 1685 764 1770 goni;
803 1691 872 1750 et
911 1707 1084 1771 quae
1123 1683 1633 1751 adcommodati
1663 1689 1893 1772 potest
1930 1682 2120 1750 arcui
2154 1682 2281 1748 GE
2319 1684 2429 1750 vel
2466 1684 2627 1770 ΗΕ,
2676 1683 2857 1751 latus

443 1816 529 1880 10
576 1809 708 1875 erit
745 1808 1237 1898 duodecagoni.

1268 2078 1827 2155 MEMBRVM
1902 2079 2163 2156 XVII.

1424 2260 1531 2316 DE
1582 2260 2029 2318 POLIGONIA.

1419 2486 1804 2553 Ani-mvnvs
1856 2488 2001 2553 108.

753 2674 926 2739 Cum
966 2673 1260 2739 circulus
1297 2695 1438 2739 non
1476 2673 1569 2738 sit
1613 2673 1953 2755 infinituS,
1981 2696 2203 2760 neque
2239 2673 2635 2762 poligoniae
2674 2674 2748 2740 in
2777 2697 2856 2741 eo

447 2802 529 2866 15
573 2804 902 2887 poterunt
948 2820 1091 2863 esse
1138 2797 1479 2881 infinitae,
1520 2797 1663 2863 sive
1700 2797 2071 2885 inscriptas
2121 2799 2265 2864 sive
2307 2798 2860 2886 circumscriptas

574 2922 765 2989 velis.
805 2924 909 2989 90.
933 2921 1130 2987 Licet
1169 2929 1535 3008 utrumque
1555 2922 1801 2988 horum
1822 2923 2100 2990 finitum
2137 2924 2343 2990 liceat
2375 2923 2716 3011 accipere,
2748 2947 2863 3012 po·

576 3046 877 3135 ligoniae
901 3054 1131 3112 tamen
1156 3054 1386 3134 partes
1425 3046 1663 3113 circuli
1687 3047 2005 3135 partibus
2031 3049 2348 3134 aequales
2372 3072 2514 3115 non
2546 3050 2860 3138 accipies,

576 3174 681 3239 91.
720 3170 1125 3258 Poligom'ae
1157 3172 1341 3237 enim
1374 3171 2161 3239 incommensurabilitas
2199 3196 2356 3240 cum
2381 3175 2636 3241 circulo
2675 3198 2715 3241 a
2752 3198 2863 3262 pa-

578 3298 891 3363 ritate-et
938 3296 1335 3383 imparitate
1372 3297 1678 3384 partium
1723 3297 2056 3388 procedit.
2105 3301 2210 3364 92.
2261 3299 2468 3364 Nulla
2507 3299 2862 3386 poligonia

447 3425 535 3488 20
577 3421 813 3487 eodem
849 3443 1136 3488 numero
1176 3431 1487 3487 constare
1518 3429 1748 3509 potest
1786 3445 1943 3489 cum
1983 3423 2265 3507 circu10,
2294 3446 2466 3509 quae
2506 3425 2598 3490 sit
2635 3426 2866 3510 aequi-

579 3545 813 3610 latera.
862 3548 967 3611 93.
1015 3545 1391 3612 Maximam
1436 3547 1864 3633 poligoniam
1925 3571 2097 3633 quae
2157 3549 2410 3616 circulo
2461 3550 2866 3616 inscribitur

581 3670 1073 3756 aequilateram
1097 3693 1243 3736 esse
1280 3679 1579 3757 oportet,
1607 3681 1674 3737 et
1694 3672 1874 3738 hanc
1910 3673 2119 3738 tertia
2143 3682 2340 3760 parte
2380 3673 2589 3758 (quod
2628 3673 2715 3739 ad
2743 3697 2867 3741 nu·

583 3820 845 3864 merum
872 3796 1208 3884 partium,
1237 3817 1410 3880 quae
1433 3798 1693 3863 suntin
1716 3798 2110 3886 peripheria
2138 3807 2207 3866 et
2234 3799 2565 3866 lateribus
2594 3823 2866 3888 compa-

583 3921 824 4005 rando)
840 3943 880 3987 a
896 3921 1151 3986 circulo
1173 3921 1501 4008 superari.
1527 3923 1632 3987 94.
1658 3923 2062 4009 Poligoniae
2088 3924 2467 3990 cardinales
2493 3933 2673 4009 sunt,
2694 3948 2868 4011 quae

451 4048 538 4112 25
583 4046 857 4134 angulis
890 4053 1210 4113 constant
1242 4048 1302 4129 3,
1335 4048 1448 4132 [4],
1480 4049 1541 4131 ὃ,
1567 4049 1625 4131 7,
1651 4049 1711 4132 9,
1738 4049 1837 4131 11,
1868 4050 1970 4132 13,
1994 4048 2158 4138 (15,>
2185 4051 2288 4135 17,
2311 4051 2414 4135 19,
2440 4048 2606 4136 (21,>
2630 4053 2735 4135 23,
2760 4053 2865 4136 25,

585 4173 702 4254 27,
739 4173 826 4236 29
864 4178 934 4237 et
972 4171 1249 4237 similes.
1288 4175 1392 4236 95.
1437 4171 1635 4238 Sicut
1671 4173 1942 4238 numeri
1980 4175 2238 4260 species
2277 4174 2559 4242 alterius
2598 4178 2869 4244 numeri

773 4332 834 4381 13
864 4331 917 4380 Ic
948 4297 1164 4381 numero
1180 4332 1526 4397 proyresnivo
1554 4333 1681 4383 dell'
1698 4331 1925 4384 articulo
1947 4335 2199 4385 dovr-ebbe
2223 4350 2390 4386 essere
2425 4340 2494 4386 96
2529 4354 2555 4387 c
2591 4355 2701 4389 non
2739 4343 2865 4401 108,

587 4415 692 4479 cfr.
724 4430 782 4477 p.
821 4416 909 4473 45,
942 4414 971 4461 1
987 4431 1006 4473 ‚-
1047 4411 1419 4478 doppt'amente
1461 4411 1637 4463 errati
1667 4429 1796 4463 tono
1831 4412 1853 4464 i
1885 4415 2091 4466 numeri
2128 4415 2405 4467 successlvi
2528 4420 2590 4469 25
2624 4419 2869 4473 abbiamo

593 4492 881 4545 cancellato
906 4493 936 4542 4
959 4491 1024 4541 ed
1046 4492 1299 4559 ayqiunlo
1322 4494 1382 4542 15
1408 4509 1433 4542 e
1458 4494 1520 4544 21

2909 2687 3093 2750 e42·
