3738 5268
843 502 963 561 310
1454 522 1730 565 mamm
1773 521 1976 566 nnvm
2016 523 2106 566 nn
2147 523 2417 584 MIXIMO,
2460 522 2521 566 v.
2612 579 2631 592 ⁶

841 675 1413 761 Quandoquidem
1451 699 1491 741 a
1529 684 1763 743 centro
1802 677 2119 764 opposita
2159 676 2233 742 in
2270 677 2551 762 regione
2588 676 2877 764 perinde

843 790 1044 855 Secta
1081 791 1229 855 basi
1269 791 1550 857 dabitur
1585 794 1777 858 velut
1809 793 2096 857 adversa
2135 791 2370 858 extitit
2401 801 2591 875 ante,

841 906 1103 994 Nempe
1140 908 1469 994 parallela
1502 915 1631 992 est,
1672 909 1963 973 totidem
1996 908 2219 973 divisa
2250 909 2592 995 tomisque

840 1022 1030 1087 Haec
1066 1024 1182 1088 via
1222 1046 1395 1108 quae
1433 1025 1627 1090 Idolo
1665 1025 1981 1090 divinum
2020 1024 2327 1090 adnectit
2364 1025 2720 1106 honorem,
3076 1053 3131 1088 50

753 1141 794 1203 ὖ
842 1137 1073 1224 Atque
1112 1162 1191 1203 ea
1229 1162 1365 1225 qua
1403 1140 1653 1227 recipit
1691 1140 2061 1206 iocundum
2099 1141 2363 1206 Musica
2399 1141 2680 1205 Lusum.

1003 1335 1086 1394 Ut
1123 1335 1242 1394 duo
1276 1334 1704 1411 concilientur,
1738 1334 1987 1394 tertium
2015 1331 2320 1409 quoddam
2353 1351 2494 1391 esse
2528 1338 2798 1408 oportet,
2836 1330 2997 1407 quod
3036 1331 3124 1389 ita

843 1451 1102 1511 alterum
1135 1453 1219 1512 sit
1253 1452 1330 1511 ab
1373 1460 1633 1529 utroque
1676 1459 1974 1528 extrem0,
2026 1458 2096 1509 ut
2149 1450 2333 1509 etiam
2383 1447 2616 1524 aliquid
2672 1468 2807 1507 cum
2857 1447 3125 1525 singulis

843 1571 1068 1629 habeat
1102 1590 1416 1631 commune
1453 1577 1516 1630 et
1549 1571 1727 1629 ambo
1763 1589 1900 1628 cum
1932 1568 2059 1628 illo.

999 1695 1034 1741 ‘J
1075 1690 1171 1750 20.
1213 1689 1410 1749 Recta
1439 1688 1704 1749 secanda
1750 1698 1845 1749 est
1886 1692 1908 1747 1
1952 1690 2082 1760 HI,
2113 1691 2151 1748 2
2186 1688 2387 1764 surgit
2427 1688 2490 1746 in
2532 1687 2899 1762 triquetrum
2932 1686 3121 1763 AHI,

717 1800 800 1862 10
844 1807 881 1864 3
938 1805 1016 1866 de
1071 1808 1242 1866 cuius
1291 1807 1545 1886 cuspide
1598 1808 1682 1884 A,
1735 1809 1775 1866 4
1820 1805 2069 1881 quotvis
2123 1805 2412 1866 adsumas
2468 1812 2680 1882 partes
2733 1812 2804 1863 ut
2861 1805 2973 1863 ΑΕ
3008 1806 3125 1863 ER

842 1922 946 1983 RS
989 1923 1115 1994 SG,
1163 1924 1199 1980 5
1237 1926 1302 1984 in
1334 1924 1716 2002 longitudine
1761 1934 1966 1985 rectae
2019 1925 2136 2002 AI,
2176 1928 2214 1983 6
2249 1925 2445 1983 minor
2485 1922 2630 1999 PG,
2680 1925 2715 1982 7
2757 1921 2965 1982 iuncta
2993 1943 3127 2001 par-

843 2042 1009 2103 tibus
1071 2043 1386 2101 ambarum
1452 2043 1570 2102 AG
1636 2042 1746 2100 AF
1799 2042 2056 2119 finibus,
2114 2045 2153 2101 8
2203 2042 2571 2119 triquetrum
2628 2041 2814 2100 simili
2880 2041 3120 2099 ratione

840 2158 1043 2236 AFG,
1081 2162 1119 2219 9
1163 2159 1318 2220 fines
1351 2160 1615 2240 partitae
1647 2162 1712 2221 H
1744 2161 1779 2221 I
1810 2161 1897 2239 K,
1942 2162 2018 2220 10
2049 2160 2308 2238 angulus
2349 2161 2433 2236 A,
2476 2162 2544 2218 11
2583 2159 2745 2219 latus
2788 2165 3126 2218 extremum

843 2278 1186 2339 subiectum
1219 2280 1334 2342 HI.

713 2393 795 2459 15
1002 2406 1036 2453 '³
1077 2400 1172 2459 35.
1214 2399 1286 2458 In
1324 2420 1541 2477 magno
1594 2400 1742 2459 cluit
1773 2420 2058 2478 parvum,
2094 2400 2276 2458 immo
2313 2406 2377 2459 et
2412 2400 2475 2458 in
2518 2419 2893 2476 quocumque
2937 2420 3122 2478 oppo-

843 2519 962 2578 sito
999 2519 1368 2597 oppositum.
1412 2518 1507 2578 Ex
1551 2519 1767 2579 eodem
1809 2519 1969 2579 enim
2002 2519 2153 2578 haec
2202 2539 2342 2580 esse
2398 2516 2567 2578 fonte
2600 2520 2660 2577 in
2698 2519 3120 2596 superioribus

842 2646 906 2697 et
937 2638 999 2696 in
1034 2638 1173 2698 aliis
1209 2638 1827 2716 contemplationibus
1863 2637 2261 2697 ostendimus,
2304 2638 2393 2698 Ut
2419 2646 2483 2698 et
2510 2638 2614 2697 lux
2654 2657 2849 2715 neque
2879 2659 2948 2698 se
2982 2639 3120 2717 ipsa

843 2772 1038 2829 neque
1076 2754 1208 2831 pari
1243 2754 1387 2830 alia,
1426 2773 1625 2829 neque
1657 2753 1873 2812 maiori
1914 2752 2076 2829 lnce,
2130 2752 2241 2813 sed
2276 2754 2337 2812 in
2385 2755 2658 2814 tenebris
2704 2762 2768 2814 et
2810 2774 2921 2834 per
2962 2762 3128 2814 tene-

842 2870 988 2929 bras
1023 2877 1121 2929 est
1154 2870 1485 2930 sensibilis.
1521 2870 1610 2929 Ut
1651 2878 1715 2929 et
1765 2870 1995 2929 virtute
2054 2869 2399 2930 collationis
2453 2871 2740 2930 eximium
2790 2870 2852 2930 in
2904 2871 3129 2947 exigua

707 2984 796 3046 20
841 3004 1081 3061 gemma
1115 2985 1428 3063 gigantem
1462 2985 1874 3064 appingimus.

999 3097 1033 3143 Ἴ
1074 3102 1169 3161 36.
1221 3104 1292 3160 12
1342 3121 1536 3180 parva
1583 3102 1746 3162 linea
1798 3103 1935 3178 DE,
2007 3104 2081 3161 13
2135 3102 2329 3162 maius
2377 3101 2739 3178 triquetrum
2792 3101 2995 3178 AFG,
3045 3105 3120 3161 14

840 3226 1020 3296 capta
1061 3238 1327 3297 superne
1383 3219 1518 3295 PG,
1571 3223 1643 3279 15
1688 3220 2001 3280 subiectus
2056 3219 2238 3278 cardo
2293 3222 2372 3295 A,
2416 3220 2489 3278 16
2542 3218 2696 3278 fines
2739 3217 3120 3278 confluentes

838 3336 902 3395 Η
927 3335 959 3392 Ι
992 3337 1082 3415 K,
1132 3339 1205 3397 17
1248 3338 1610 3414 triquetrum
1645 3338 1850 3414 ALM,
1889 3340 1965 3396 18
1991 3338 2269 3414 geminae
2298 3344 2504 3397 costae
2536 3337 2627 3397 [A
2661 3337 2810 3413 HA,
2852 3339 2924 3396 19
2960 3336 3123 3396 ultra

843 3452 906 3512 in
942 3453 1008 3512 M
1043 3462 1104 3513 et
1141 3455 1213 3515 L.

706 3775 793 3840 25
1723 3774 2029 3842 CAPVT
2098 3776 2252 3842 VH.

1776 3960 2189 4003 nssraAcTon.

1639 4127 1820 4164 Partem
1851 4125 2121 4176 imperatam
2150 4126 2323 4165 ansero.

1019 4264 1177 4329 Non
1217 4285 1386 4350 opus
1425 4269 1529 4327 est,
1566 4262 1705 4327 alia
1742 4261 2064 4326 methodo
2104 4285 2239 4347 qua
2278 4269 2347 4327 et
2386 4260 2869 4349 induperatam

841 4379 1208 4445 Discindas
1245 4386 1513 4465 partem
1553 4386 1739 4443 certa
1778 4402 1813 4443 e
1851 4379 2219 4461 longedine
2257 4385 2484 4466 posta;

1029 4541 1090 4591 21
1124 4557 1342 4589 numero
1368 4542 1448 4609 345]
1488 4544 1548 4590 16
1669 4541 1732 4589 24
1767 4542 1831 4607 L]
1863 4541 1917 4590 K
