3738 5268
845 478 962 536 312
1441 495 1719 540 lonnam
1764 494 1966 540 BRVM
2010 496 2099 538 DE
2140 496 2413 556 maziam,
2457 496 2517 540 v.

1704 827 2008 892 CAPVT
2074 827 2267 893 VHI.

1677 1067 2021 1110 APPOSITIO
2065 1066 2287 1111 PRIMA.

1287 1209 1324 1248 A
1355 1210 1464 1248 dato
1494 1213 1659 1258 puncto
1688 1221 1825 1259 super
1853 1211 2009 1248 datam
2038 1215 2209 1249 rectam
2240 1211 2510 1259 parallelum
2540 1210 2655 1249 duco
2674 1239 2686 1260 ,

1412 1290 1484 1330 vel
1514 1294 1563 1330 ut
1590 1291 1702 1331 libet
1727 1292 1979 1341 parallelas
2008 1291 2187 1342 applico
2216 1302 2299 1341 per
2325 1293 2564 1331 circulum.

754 1490 795 1553 5
1019 1487 1196 1552 Acta
1234 1487 1564 1573 parallela
1602 1487 2013 1573 archetypos
2053 1486 2433 1571 adulantis,
2474 1495 2543 1553 et
2582 1487 2806 1553 omnis

841 1606 1190 1670 Fortunae
1229 1603 1529 1687 comitiS,
1569 1605 1690 1690 qui
1728 1603 1816 1669 ad
1855 1627 2169 1670 normam
2208 1605 2393 1670 vitae
2431 1604 2696 1669 alienae

841 1720 987 1786 Aut
1023 1727 1262 1786 votum
1301 1720 1663 1786 formando
1702 1744 1898 1787 suam
1935 1721 2367 1786 accendendo
2406 1745 2741 1806 suumque

841 1838 1017 1902 Cum
1056 1845 1294 1904 sancto
1332 1844 1638 1924 sanctus,
1679 1862 1836 1904 cum
1875 1861 2199 1926 perverso
2238 1839 2372 1903 ibit
2411 1838 2723 1924 iniquus,

843 1954 986 2018 Nec
1023 1954 1254 2019 minus
1291 1953 1700 2041 archetypos
1737 1955 1904 2020 iusti
1946 1955 2293 2042 capiemus
2331 1963 2401 2020 et
2438 1956 2641 2041 aequi
3101 1984 3125 2022 5

715 2068 797 2130 10
846 2071 994 2148 Quo
1033 2070 1432 2136 methodum
1471 2071 1832 2136 retinendo
1872 2094 2069 2137 suam
2108 2072 2182 2136 in
2219 2073 2501 2159 proprio
2535 2071 2775 2136 ordine
2813 2070 3103 2157 quisque

843 2187 1242 2272 Numquam
1280 2187 1621 2272 turbabit,
1660 2210 2036 2272 numquam
2076 2188 2476 2253 turbabitur
2514 2187 2685 2274 ipse3

846 2302 981 2367 Sed
1017 2303 1375 2389 pulchram
1414 2326 1641 2369 rerum
1680 2303 1932 2368 faciem
1971 2304 2278 2369 servabit
2316 2312 2386 2368 et
2423 2305 2646 2368 almae

843 2420 1148 2484 Naturae
1187 2419 1530 2506 specimen
1569 2421 1838 2486 solertis
1876 2421 2146 2507 legibus
2186 2421 2375 2486 art-is.

842 2536 1082 2619 Aeque
1120 2535 1494 2600 distantem
1531 2537 1646 2602 via
1685 2537 1744 2601 si
1782 2537 2091 2602 subiecta
2131 2536 2439 2621 requirat
3072 2563 3125 2600 ιο

715 2657 796 2719 15
843 2651 908 2715 A
946 2652 1230 2717 definito
1268 2660 1526 2739 puncto
1567 2657 1695 2737 (l),
1735 2654 1954 2721 veluti
1993 2655 2107 2720 via
2145 2654 2401 2719 Bacchi
2440 2654 2528 2719 ad

844 2767 1223 2851 Oceanum,
1264 2769 1386 2833 fiat
1424 2769 1556 2834 tibi
1595 2776 1910 2835 centrum
1948 2771 2131 2836 linea
2168 2771 2244 2836 in
2282 2771 2432 2857 ipsa
2470 2774 2561 2853 (2)

843 2884 989 2949 Aut
1025 2907 1234 2971 super
1270 2892 1392 2950 aut
1427 2885 1638 2971 infra,
1682 2908 1817 2971 quo
1856 2888 1948 2951 sit
1986 2887 2463 2973 quantuslibet
2502 2910 2729 2969 arcuS‚

844 3000 972 3064 Cui
1011 3001 1335 3065 subtenta
1373 3002 1566 3067 venit
1605 3001 1791 3085 data,
1833 3003 1934 3067 nil
1973 3003 2203 3067 minus
2241 3010 2345 3067 est
2384 3003 2515 3067 tibi
2553 3010 2827 3090 praesto

847 3116 1043 3193 Quod
1081 3116 1340 3203 cupieS,
1383 3118 1583 3183 modo
1619 3141 1743 3204 per
1780 3128 2119 3204 punctum
2160 3122 2250 3201 (3)
2290 3118 2722 3183 circumfluat
2760 3118 2955 3183 illum
3078 3146 3125 3184 15

709 3236 798 3297 20
844 3231 1206 3298 Subiectae
1244 3256 1284 3297 a
1323 3242 1548 3298 rectae
1586 3242 1890 3299 extremo
1930 3236 2019 3319 (4)
2061 3234 2178 3319 qui
2216 3235 2468 3320 surgit,
2509 3240 2588 3299 ut
2626 3234 2787 3299 inde

839 3349 1156 3414 Alterum
1195 3349 1268 3414 in
1307 3357 1690 3416 extremum
1728 3351 2015 3435 recidat,
2056 3352 2218 3436 quia
2256 3359 2558 3437 punctus
2598 3352 2690 3432 (6)
2730 3350 2803 3414 in
2842 3372 3008 3414 arcu

841 3465 1167 3551 Largitus
1206 3474 1543 3551 quantum
1582 3475 1886 3533 extremo
1926 3468 2215 3533 distabit
2253 3469 2340 3533 ab
2379 3468 2512 3532 isto
2553 3469 2674 3551 (7),
3124 3474 3205 3535 P·
3246 3459 3441 3522 172

841 3583 1142 3647 Tantum
1173 3606 1345 3669 opus
1378 3607 1416 3649 a
1450 3584 1713 3669 reliquo
1749 3586 1838 3666 (8)
1874 3591 1976 3648 est
2007 3590 2351 3671 punctum
2383 3588 2474 3668 (0)
2509 3582 2767 3648 distare
2798 3581 3122 3668 petitu1n3

842 3698 1022 3762 Nam
1060 3706 1334 3764 tantum
1373 3724 1414 3765 a
1452 3700 1720 3764 Baccho
1760 3700 2074 3765 Charites
2112 3700 2367 3764 distare
2405 3700 2748 3779 videlnus*‚
3074 3728 3128 3765 ρο

708 3822 794 3885 25
843 3814 1196 3891 Quantum
1235 3823 1303 3881 et
1341 3817 1428 3882 ab
1469 3817 1738 3881 Oceano
1777 3816 2152 3901 Erigonem
2185 3815 2493 3881 subiecto
2525 3816 2600 3880 in
2639 3815 2901 3896 eodem3

839 3932 1246 3998 Innumeras
1285 3933 1496 3998 simili
1533 3933 1790 4019 poteris
1825 3932 2279 4019 superaddere
2317 3933 2570 4016 forma,

840 4050 1133 4115 Finibus
1175 4074 1214 4115 a
1251 4049 1548 4136 geminis
1588 4049 1898 4137 spacium
1936 4049 1993 4114 si
2034 4049 2440 4115 altrinsecus
2479 4070 2774 4133 aequum
2814 4053 2933 4112 est.

1709 4242 1901 4281 Evitabo
1932 4242 2261 4281 difficultatem.

847 4378 920 4442 Si
959 4401 1172 4464 aeque
1210 4378 1500 4444 distanti
1539 4377 1830 4443 nimium
1872 4377 2003 4442 tibi
2042 4376 2379 4442 terminus
2419 4376 2535 4440 ille

712 4498 800 4562 30
846 4495 1095 4560 Affinis
1134 4495 1436 4580 dabitur,
1479 4495 1826 4560 subiectae
1865 4494 2300 4585 suppositum
2338 4515 2573 4559 arcum
3077 4518 3128 4561 25
