3738 5268
835 493 916 552 40
1718 506 2001 554 1011οΑ111
2040 506 2244 553 anm

831 681 948 748 Sic
983 681 1168 747 enim
1212 704 1283 746 se
1327 681 1540 748 habet
1594 681 1702 747 aN
1739 680 1827 748 ad
1865 683 1972 767 ab,
2012 681 2114 747 ita
2152 703 2223 748 se
2260 679 2470 747 habet
2507 681 2617 751 Nn
2656 686 2857 771 (quae
2895 689 2966 749 et
3013 706 3122 749 ae-

830 807 1053 895 qualis
1109 806 1242 895 ipsi
1309 810 1412 891 ak)
1479 786 1567 873 ad
1627 809 1726 895 972.
1795 808 1902 872 29.
1963 807 2063 874 Ut
2118 829 2324 895 super
2370 814 2557 873 recta
2613 807 2798 874 linea
2845 832 2885 875 a
2947 810 3115 875 dato

826 939 1085 1020 puncto
1123 933 1524 1021 parallelam
1580 933 1868 1001 ducam?
1911 934 1988 1000 Si
2044 941 2124 1000 ut
2177 934 2254 1000 in
2302 902 2390 1021 ᾧ,
2426 957 2634 1023 super
2670 935 2793 1000 ΕΒ
2849 958 2890 1002 a
2951 936 3112 1003 dato

825 1066 1085 1146 puncto
1110 1060 1168 1124 F
1198 1060 1602 1148 parallelam
1635 1083 1953 1146 quaera8‚
1980 1061 2055 1127 in
2081 1061 2232 1148 ipsa
2251 1060 2435 1125 linea
2458 1060 2577 1125 ΕΒ
2599 1061 2709 1129 vel
2736 1061 2920 1128 infra
2954 1084 3117 1148 quo-

737 1188 778 1253 5
825 1211 1094 1274 cunque
1132 1196 1392 1277 puncto
1436 1187 1663 1275 posito
1715 1194 1982 1274 centro,
2017 1196 2096 1254 ut
2129 1213 2171 1254 a
2207 1188 2414 1271 (unde
2451 1188 2527 1254 in
2571 1189 2813 1276 anguli
2849 1190 3114 1277 obliqui

827 1315 1394 1383 constitutionem
1417 1316 1540 1381 fiat
1562 1314 1831 1400 fluxus),
1860 1316 2040 1382 circa
2062 1316 2290 1404 ipsum
2321 1315 2445 1381 fiat
2477 1316 2965 1384 circumfluxus
2990 1341 3114 1406 per

826 1445 1068 1512 datum
1104 1450 1473 1533 punctum;
1512 1466 1673 1510 mox
1711 1444 1897 1510 enim
1935 1444 2057 1509 ΕΒ
2095 1429 2629 1532 comprehendet
2665 1445 2778 1511 vel
2815 1445 3115 1512 semicir-

825 1572 1055 1637 culum
1092 1572 1203 1638 vel
1240 1571 1446 1637 aliam
1488 1570 1727 1637 circuli
1761 1572 2181 1658 portionem,
2221 1577 2301 1637 ut
2346 1577 2623 1659 sumpta
2657 1572 2793 1659 ipsi
2823 1573 2943 1638 EF
2999 1597 3107 1640 ae·

827 1698 1016 1786 quali
1051 1698 1179 1764 BA
1214 1697 1555 1783 reliquum
1602 1703 1942 1784 punctum
1988 1697 2053 1763 A
2099 1697 2313 1765 fueris
2351 1705 2703 1765 assecutus
2737 1699 3111 1787 parallelae

692 1822 779 1885 10
821 1825 1044 1891 lineae
1082 1825 1475 1891 terminum.
1509 1824 1614 1889 30.
1654 1824 1754 1891 Ut
1792 1822 2136 1909 quotlibet
2170 1823 2296 1889 uni
2325 1825 2692 1912 parallelas
2726 1824 3107 1912 accipiam?

823 1952 1082 2019 Eadem
1120 1952 1414 2038 ratione,
1454 1974 1700 2039 nempe
1738 1950 1813 2016 in
1851 1950 1978 2016 AB
2026 1957 2096 2016 et
2141 1951 2261 2016 EF
2309 1952 2708 2038 aequalibus
2755 1952 3108 2019 distantiis

824 2078 1143 2164 acceptis.
1181 2077 1362 2142 Item
1391 2076 1577 2143 facta
1607 2077 1733 2142 AF
1766 2077 1919 2143 basi
1957 2076 2294 2163 trianguli
2330 2077 2738 2164 aequilateri
2775 2077 2945 2143 aFA
2971 2079 3108 2160 (vel

823 2203 1032 2270 etiam
1072 2203 1440 2270 cuiuslibet
1477 2204 1919 2290 aequicmri),
1965 2203 2320 2291 productis
2367 2204 2444 2271 in
2489 2205 2844 2271 infinitum
2901 2206 3105 2274 lineis

822 2333 932 2399 Aa
985 2339 1056 2398 et
1110 2333 1246 2416 aF,
1302 2355 1597 2417 moxque
1650 2333 1877 2419 posito
1929 2341 2163 2400 centro
2214 2334 2248 2398 I
2298 2339 2368 2399 et
2423 2334 2732 2420 qualibet
2769 2335 3105 2402 distantia

693 2466 775 2531 15
822 2461 1092 2546 aequali
1158 2483 1363 2548 super
1430 2460 1763 2526 ambobus
1829 2459 2189 2546 lateribus,
2267 2461 2512 2527 ductus
2586 2460 3105 2537 ciricumferen-
3150 2473 3211 2535 d,
3243 2474 3330 2536 1v

823 2588 961 2655 tiae
998 2589 1182 2655 inter
1218 2588 1388 2655 duos
1425 2588 1792 2676 parallelae
1839 2588 2172 2654 terminos
2215 2610 2298 2653 ex
2331 2587 2750 2674 aequalitate
2781 2587 3102 2656 semidia-

821 2723 1198 2784 metrorum
1254 2716 1749 2803 comprobabit.
1800 2717 1905 2782 31.
1954 2715 2310 2794 Quomodo
2357 2737 2560 2801 agam
2609 2714 2670 2780 si
2714 2738 2839 2803 per
2884 2739 3104 2803 angu-

822 2842 1028 2908 stiam
1076 2849 1311 2907 centro
1372 2865 1490 2908 seu
1537 2843 1794 2928 angulo
1841 2841 2139 2908 maxime
2183 2841 2489 2906 vicinam
2548 2863 2690 2906 non
2747 2841 2956 2908 liceat
3014 2843 3103 2908 ab

822 2969 1076 3054 angulo
1116 2968 1464 3055 accipere?
1504 2968 1568 3033 A
1601 2967 1916 3035 terminis
1953 2966 2340 3033 remotioris
2369 2966 2739 3054 parallelae
2771 2990 2976 3055 super
3012 2967 3106 3033 al-

687 3096 776 3160 20
820 3101 968 3160 tero
1015 3094 1229 3179 latere
1290 3094 1644 3181 aequalem
1690 3094 2024 3182 capiendo
2072 3093 2135 3159 ei
2182 3115 2355 3179 quae
2419 3115 2623 3180 super
2682 3093 3104 3181 capiebatur.

822 3222 925 3286 32.
965 3221 1064 3289 Ut
1102 3222 1608 3307 quantamlibet
1643 3227 1915 3309 partem
1953 3245 1993 3286 a
2033 3220 2194 3287 data
2238 3219 2677 3307 longitudine
2724 3220 3103 3308 accipiam?

822 3346 942 3413 Fit
996 3371 1403 3435 quacunque
1439 3348 1692 3414 minori
1731 3346 2106 3413 secundum
2138 3346 2285 3413 dati
2316 3347 2586 3413 numeri
2618 3347 2959 3414 rationem
3005 3349 3106 3414 di-

819 3475 997 3561 visa,
1037 3498 1332 3562 moxque
1369 3477 1562 3542 iuxta
1609 3498 1973 3541 numerum
2020 3497 2154 3560 quo
2204 3474 2430 3541 minor
2476 3481 2624 3541 tota
2672 3480 2774 3539 est
2820 3473 2897 3539 in
2953 3480 3104 3540 tota

822 3601 1068 3667 maiori
1104 3608 1498 3667 mensurata
1546 3597 1927 3688 accipiatur
1982 3600 2332 3685 integrum
2371 3623 2455 3664 ex
2502 3599 2708 3665 toties
2748 3605 3103 3686 resumpta

688 3736 773 3798 225
821 3728 966 3793 eius
1002 3735 1218 3815 parte.
1254 3731 1356 3794 33.
1393 3728 1576 3807 Quid
1612 3751 1737 3816 pro
1769 3727 2018 3794 ultimo
2056 3726 2370 3792 residuo?
2392 3726 2497 3791 De
2520 3725 2706 3791 linea
2732 3748 2907 3812 quae
2940 3725 3103 3791 data

821 3875 1141 3920 mensura
1180 3861 1311 3940 est,
1350 3861 1430 3919 ut
1459 3855 1535 3941 Σ
1564 3854 1709 3939 NS,
1750 3853 1873 3920 fiat
1909 3853 2301 3939 triangulus
2333 3851 2822 3937 aequilaterUS,
2858 3857 2927 3916 et
2964 3874 3104 3917 una

825 3979 970 4045 eius
1017 4003 1177 4067 pars
1225 3978 1313 4045 ad
1358 3981 1689 4066 angulum
1754 3979 2150 4067 oppositum
2200 4004 2242 4044 a
2277 3978 2865 4061 adcommodetur,
2929 3999 3105 4062 quae

824 4105 916 4171 sit
952 4128 1017 4170 v.
1056 4129 1120 4192 g.
1161 4107 1261 4171 bd.
1296 4105 1593 4190 Moxque
1624 4105 1784 4170 huic
1818 4105 2006 4193 parti
2045 4103 2477 4191 superposita
2509 4101 2880 4190 particula,
2930 4124 3105 4186 quae

824 4233 915 4298 sit
952 4254 1015 4297 v.
1053 4255 1120 4318 g.
1160 4234 1251 4315 bc,
1290 4255 1415 4318 per
1461 4232 1604 4297 eius
1660 4233 2035 4298 terminum
2091 4259 2120 4298 c
2176 4233 2263 4298 ab
2322 4258 2363 4297 a
2399 4231 2473 4296 in
2511 4230 2629 4297 NS
2683 4229 3105 4318 producatur

1018 4515 1041 4564 1
1067 4515 1225 4578 forse
1247 4513 1410 4564 Sicut
1534 4514 1565 4562 4
1598 4527 1805 4580 queras
