3738 5268
879 487 958 548 30
1754 502 2032 550 mamm
2075 498 2280 547 imvm

876 677 1387 744 accomodatam
1418 679 1505 744 ad
1537 684 1764 744 totum
1793 678 1869 743 in
1907 677 2298 766 peripheria
2336 675 2700 742 definitum
2738 674 2943 741 certis
2971 673 3163 741 habi-

873 801 1235 869 tudinibus
1273 802 1648 870 referendo.
1688 804 1796 869 48.
1841 802 2103 887 Facile,
2152 824 2357 868 sensu
2393 802 2544 889 ipso
2587 822 2860 887 quoque
2896 799 3160 884 iudice,

872 927 1117 995 iisdem
1148 929 1534 995 indicamus
1557 928 1705 1015 (ubi
1734 951 1876 996 non
1907 928 2372 1017 disputatores
2410 927 2528 994 sed
2565 927 2888 1014 discipuli
2924 923 3160 1006 1101000-
3206 940 3256 990 0
3294 929 3404 992 2¹⁷

871 1055 1112 1139 serint)
1170 1053 1353 1141 quod
1392 1061 1596 1120 aucta
1654 1053 2073 1142 peripheria,
2124 1062 2194 1121 et
2253 1056 2389 1122 alio
2438 1053 2693 1120 circulo
2742 1052 3157 1134 constitutO,

782 1190 823 1254 5
870 1184 1140 1246 mutata
1176 1186 1281 1246 est
1316 1178 1495 1246 ratio
1535 1180 1784 1264 centri,
1831 1186 1927 1264 et,
1976 1180 2035 1246 si
2093 1179 2363 1268 placeat
2423 1180 2673 1264 dicere,
2733 1178 2995 1266 pariter
3055 1183 3159 1243 est

869 1309 1188 1392 adaucta;
1222 1308 1323 1373 ita
1347 1314 1428 1373 ut
1459 1308 1638 1374 ratio
1667 1290 1840 1394 quae
1869 1309 2170 1375 sumitur
2197 1309 2284 1376 ab
2318 1309 2573 1396 angulo
2607 1307 2889 1375 sectoris
2921 1307 3158 1373 eadem

870 1434 962 1500 sit
983 1456 1159 1520 quae
1177 1433 1391 1520 prius,
1423 1438 1493 1498 et
1523 1430 1781 1499 idcirco
1806 1432 2178 1500 difficultas
2209 1456 2352 1501 non
2376 1433 2674 1517 tollitur,
2702 1432 2819 1499 sed
2845 1432 3157 1498 variatur

868 1586 1025 1630 cum
1062 1562 1417 1629 facultatis
1455 1562 1917 1651 persuasione.
1952 1562 2160 1630 Mitto
2199 1563 2384 1649 quod
2448 1563 2731 1629 tandem
2768 1562 2944 1628 nihil
3000 1568 3155 1628 tuto

869 1697 939 1756 et
976 1689 1514 1757 demonstrative
1558 1688 1802 1754 fecisse
1857 1696 2169 1776 possunt.
2231 1691 2338 1756 49.
2401 1690 2826 1756 Definientes
2886 1695 3156 1777 partem

740 1824 824 1888 10
871 1815 1053 1903 quod
1091 1822 1195 1881 est
1232 1814 1736 1902 magnitudinis
1773 1814 2002 1883 minor
2047 1816 2353 1900 maioris,
2403 1839 2558 1882 cum
2606 1816 2833 1883 minor
2870 1816 3158 1882 metitur

869 1941 1233 2025 maiorem,
1291 1962 1539 2027 operae
1595 1942 1907 2028 precium
1968 1947 2071 2007 est
2127 1947 2207 2008 ut
2246 1951 2586 2029 cogantur
2622 1965 2922 2009 asserere
2971 1943 3155 2029 quod

869 2093 1005 2159 quo
1043 2070 1378 2136 diameter
1424 2068 1692 2135 excedit
1740 2075 2020 2155 costam,
2057 2069 2228 2158 ipsis
2287 2093 2431 2137 non
2483 2070 2730 2137 debeat
2788 2093 2934 2137 esse
2992 2094 3154 2159 pars

869 2194 1209 2262 diametri.
1251 2193 1588 2260 Similiter
1625 2200 1695 2259 et
1733 2194 1957 2261 omnis
1993 2194 2221 2283 portio
2261 2194 2577 2261 continui
2625 2218 2802 2282 quae
2847 2196 2983 2264 toti
3020 2202 3149 2281 est,

867 2327 947 2387 ut
982 2321 1117 2409 ipsi
1154 2320 1429 2406 volunt,
1465 2326 1903 2408 asymmetra.
1964 2321 2069 2387 50.
2100 2320 2436 2388 Similiter
2460 2328 2570 2408 (ex
2607 2322 3149 2410 inadvertentia‚

738 2460 820 2525 15
868 2449 1093 2536 credo)
1126 2451 1496 2536 falluntur,
1531 2472 1690 2516 cum
1720 2449 2065 2516 definiunt
2096 2451 2463 2538 multiplex
2495 2473 2638 2517 esse
2677 2451 2901 2518 maius
2937 2452 3154 2519 mino·

867 2577 991 2662 ris,
1024 2599 1180 2644 cum
1199 2576 1522 2644 videlicet
1542 2576 1769 2644 minor
1796 2599 1959 2665 pars
1988 2577 2276 2644 metitur
2306 2578 2661 2662 maiorem3
2684 2578 2944 2646 addens
2967 2578 3152 2646 enim

867 2704 930 2769 ei
969 2704 1152 2791 quod
1188 2703 1501 2792 proxime
1539 2703 1803 2769 dictum
1842 2710 1972 2789 est,
2009 2727 2334 2791 quaeram
2375 2704 2462 2771 ab
2496 2705 2665 2794 ipsis
2716 2729 2806 2772 an
2838 2706 2975 2772 duo
3009 2707 3152 2772 sint

863 2830 1103 2897 multa.
1150 2829 1327 2896 Cum
1374 2829 1584 2895 etiam
1622 2831 1999 2895 terminum
2047 2829 2390 2897 definiunt
2451 2831 2635 2917 quod
2694 2832 2988 2898 alicuius
3048 2839 3152 2899 est

864 2966 1271 3043 extremum,
1323 2956 1598 3024 videtur
1655 2979 1796 3023 non
1860 2956 2269 3044 simpliciter
2329 2980 2604 3041 verum3
2667 2958 2833 3044 quia
2891 2958 3151 3025 alicubi

730 3085 818 3150 20
862 3083 1046 3149 inter
1088 3090 1393 3150 extrema
1432 3090 1536 3150 est
1576 3083 1842 3151 medius
1881 3084 2246 3168 terminuS‚
2286 3091 2355 3151 et
2401 3084 2476 3150 in
2511 3108 2764 3173 genere
2802 3087 3149 3173 magnitu-

862 3212 1132 3296 dinum,
1165 3235 1323 3281 cum
1361 3211 1497 3278 duo
1536 3211 1679 3278 sint
1714 3212 1997 3278 termini
2045 3212 2287 3279 circuli
2324 3219 2394 3279 et
2432 3214 2790 3301 sphaerae,
2830 3221 3145 3281 centrum

860 3338 1185 3405 videlicet
1243 3345 1451 3425 atque
1516 3338 1937 3426 peripheria,
2000 3339 2316 3425 quamvis
2368 3339 2537 3406 haec
2595 3340 2874 3428 proprie
2929 3347 3150 3407 extre-

861 3487 1078 3549 mum,
1135 3465 1311 3531 illud
1366 3472 1601 3532 tamen
1661 3465 2135 3553 propriissime
2189 3465 2493 3532 medium
2539 3466 2743 3533 debet
2790 3467 3145 3555 appellari.

864 3587 997 3656 Sed
1036 3596 1274 3656 contra
1310 3590 1706 3658 libertatem
1743 3592 2068 3659 dictionis
2101 3615 2242 3659 non
2280 3594 2540 3679 urgebo
2595 3616 2820 3680 neque
2880 3616 3148 3680 urgear.

731 3718 817 3782 25
864 3716 970 3781 51.
1019 3715 1343 3805 Corporis
1382 3716 1550 3783 item
1589 3723 1976 3784 extremum
2022 3741 2142 3785 seu
2180 3718 2555 3786 terminum
2604 3743 2760 3786 cum
2807 3720 3145 3787 definiant

863 3844 1351 3930 superficiem.
1384 3845 1692 3912 dicentes
1733 3849 1741 3932 Ι
1784 3869 2032 3935 corpus
2093 3847 2267 3913 illud
2327 3870 2472 3913 esse
2533 3848 2718 3933 quod
2781 3851 3143 3936 superficie
3191 3869 3242 3918 ο
3278 3856 3381 3919 3¹·

861 3968 1301 4056 terminatur,
1353 3993 1442 4037 an
1491 3971 1827 4059 (inquam)
1875 3972 2361 4039 excusabiliter
2407 3980 2670 4060 errant,
2720 3976 2841 4042 ubi
2886 3977 3149 4064 pariter

863 4104 1245 4164 extremum
1278 4105 1346 4165 et
1378 4101 1753 4167 terminum
1782 4102 2107 4188 sphaerae
2139 4101 2546 4188 intelligunt
2583 4109 2900 4170 centrum
2939 4112 3149 4192 atque

861 4223 1366 4311 peripheriam?
1427 4227 1544 4292 An
1581 4249 1722 4293 non
1777 4234 1846 4293 et
1902 4233 2204 4314 punctus
2260 4228 2776 4315 contingentiae
2843 4231 3138 4297 duarum

1048 4477 1092 4527 1.
1111 4477 1162 4528 4.
1179 4477 1243 4526 22
1275 4477 1634 4543 periphaeria
1656 4495 1681 4528 e
1708 4476 2013 4529 similmeme
2034 4478 2236 4529 altr-ove
2390 4480 2449 4529 14
2483 4481 2755 4533 asimetra
