3738 5268
812 484 930 542 206
1417 500 1695 545 mamm
1734 499 1938 544 murm
1979 500 2068 543 ns
2108 497 2378 559 ummo,
2424 496 2490 541 11.

971 671 1006 716 ‘I
1044 665 1135 725 16.
1165 664 1362 723 Nobis
1386 683 1623 741 quoque
1644 663 1954 724 minimum
1977 664 2159 724 etiam
2183 663 2242 721 in
2267 662 2482 722 eodem
2503 660 2777 722 subiecto
2807 660 3091 719 diversae

812 780 981 841 vices
1014 780 1402 859 distinguunt
1441 789 1504 841 et
1545 781 1850 857 actiones,
1889 789 1958 842 ut
2006 802 2127 840 non
2162 781 2260 841 bis
2289 779 2564 840 eiusdem
2598 779 2796 839 lineae
2831 777 3098 838 medium

809 904 1102 974 punctum
1145 897 1498 975 designare,
1555 919 1668 960 nec
1723 898 1877 959 duas
1932 899 2173 959 omnino
2226 898 2515 975 aequales
2566 897 2629 956 in
2682 896 2850 956 orbis
2902 896 3091 954 limbo

809 1021 1020 1091 partes
1042 1014 1461 1092 adsumpsisse
1494 1014 1680 1075 liceat
1690 1035 1705 1091 ς
1727 1015 1922 1075 veluti
1943 1035 2138 1092 neque
2160 1015 2257 1074 bis
2280 1012 2534 1075 eandem
2566 1034 2599 1074 e
2628 1012 2892 1090 vestigio
2929 1011 3099 1070 circi-

723 1130 765 1193 5
811 1149 985 1206 nare,
1031 1149 1227 1207 neque
1264 1130 1385 1190 duo
1418 1131 1683 1191 crurium
1714 1131 1923 1191 circini
1954 1130 2220 1207 vestigia
2263 1151 2373 1210 pro
2414 1131 2769 1207 aequalibus
2802 1130 3099 1190 interval-

810 1244 890 1304 lis
929 1246 1328 1325 designandis
1363 1247 1560 1308 denuo
1598 1249 1839 1308 omnino
1874 1248 2153 1323 aequalia
2185 1247 2597 1326 impressisse.

971 1376 1006 1423 1
1046 1367 1142 1424 20.
1186 1364 1356 1424 Nihil
1416 1366 1642 1445 quippe
1717 1366 2148 1437 materialiter,
2212 1365 2788 1443 instrumentaliter,
2847 1365 3098 1425 circum·

813 1490 1075 1560 stanter,
1121 1481 1456 1542 efficienter
1517 1490 1700 1558 atque
1751 1483 2095 1545 formaliter
2155 1483 2463 1543 concurrit
2510 1483 2572 1542 in
2627 1481 2877 1559 effectu,
2935 1480 3094 1558 quod

817 1600 1062 1677 singula
1094 1619 1206 1677 pei·
1238 1598 1533 1659 instantia
1565 1619 1685 1659 non
1720 1606 2006 1661 mutetur.

682 1718 767 1783 10
971 1731 1006 1778 ‘fl
1046 1717 1143 1778 33.
1187 1717 1377 1775 Inane
1431 1723 1613 1793 atque
1668 1717 1915 1796 stupido
1973 1738 2046 1777 ex
2100 1717 2344 1794 ingenio
2381 1714 2725 1795 profectum
2781 1722 2880 1775 est
2932 1714 3087 1773 illud

815 1833 1290 1895 rectificatornm
1307 1834 1602 1911 studium,
1628 1836 1731 1911 qui
1753 1836 1856 1895 ubi
1885 1835 2145 1915 primum
2173 1833 2484 1895 sensibilis
2512 1840 2625 1910 est,
2649 1832 2876 1893 ibidem
2900 1831 3095 1912 primo

817 1962 1001 2033 atque
1034 1954 1284 2034 proprie
1318 1972 1590 2014 errorem
1625 1973 1764 2015 ense
1798 1953 2153 2014 diiudicant.

969 2085 1005 2132 1
1045 2076 1140 2132 44.
1171 2074 1224 2132 Ε
1246 2074 1456 2134 multis
1477 2074 1556 2133 ad
1578 2073 2040 2135 rectificandum
2064 2074 2584 2150 concurrentibus,
2608 2092 2727 2133 uno
2752 2073 3096 2151 cespitante

812 2191 1009 2251 omnia
1046 2189 1522 2268 confunduntur,
1555 2192 1715 2251 sicut
1748 2200 1812 2252 et
1844 2191 1921 2252 de
1951 2191 2158 2252 multis
2194 2193 2412 2269 quibus
2446 2197 2674 2251 terram
2702 2191 2943 2252 revolvi
2966 2209 3092 2250 mo-

683 2307 764 2371 15
812 2311 980 2372 tibus
1011 2311 1414 2389 intelligimus
1445 2311 1548 2371 vel
1587 2309 1708 2389 ipsi
1751 2318 1981 2372 motum
2015 2310 2460 2371 firmamentum
2513 2311 2665 2370 illud
2719 2309 3088 2371 stelliferum

813 2432 1190 2510 intelligunt,
1228 2432 1281 2490 si
1314 2450 1469 2492 unus
1511 2436 1608 2489 est
1650 2432 1745 2510 (ut
1778 2438 1945 2491 certe
1990 2450 2127 2493 esse
2171 2434 2440 2512 oportet)
2469 2432 2852 2510 irregulariS,
2891 2431 3090 2507 qualis

810 2549 1032 2610 saltem
1064 2546 1171 2608 ille
1207 2547 1308 2623 qui
1343 2568 1379 2607 a
1413 2546 1749 2606 mutatione
1785 2548 1980 2607 centri
2021 2549 2348 2627 gravitatis
2390 2548 2780 2626 intelligitur,
2814 2547 3091 2624 sequitur

813 2665 1001 2746 (quod
1056 2685 1166 2726 suo
1213 2666 1349 2726 loco
1384 2665 1792 2746 ostendimus)
1848 2673 1914 2726 et
1964 2688 2175 2728 omnes
2226 2688 2364 2729 esse
2416 2668 2642 2728 debere
2699 2666 3092 2743 irregulares,

808 2785 1024 2861 Neque
1061 2792 1159 2845 est
1191 2784 1488 2863 possibile
1529 2785 1593 2844 in
1634 2784 1842 2864 specie
1878 2785 2002 2845 ulla
2035 2787 2153 2845 duo
2209 2786 2451 2846 omnino
2509 2783 2941 2846 concordantia
2988 2782 3089 2842 vel

675 2911 765 2974 20
809 2903 1085 2980 aequalia
1134 2901 1451 2963 individua
1502 2903 1864 2982 comperire,
1915 2902 2070 2962 duos
2130 2903 2376 2981 inquam
2420 2905 2521 2964 hic
2561 2903 2719 2979 dies,
2762 2902 3087 2976 circuitus,

807 3039 998 3081 annos
1022 3019 1310 3097 aequales
1339 3027 1521 3096 atque
1544 3019 1777 3080 similes
1806 3039 1927 3079 non
1957 3022 2154 3080 solum
2177 3041 2285 3100 pro
2316 3020 2675 3082 habitudine
2706 3019 2784 3080 ad
2813 3019 2948 3096 alia,
2979 3018 3091 3078 sed

807 3140 907 3201 vel
942 3140 1126 3201 etiam
1159 3140 1440 3201 absolute
1473 3141 1538 3199 in
1576 3140 1836 3219 physica
1876 3139 2110 3200 referre
2152 3141 2447 3219 potentia.
2505 3142 2841 3217 Perperam
2896 3138 3085 3216 igitur

805 3259 1211 3320 sollicitantur
1243 3260 1311 3338 ii,
1344 3269 1640 3338 quotquot
1674 3269 1887 3321 exacte
1922 3260 1999 3320 de
2034 3263 2174 3322 anni
2209 3262 2627 3340 magnitudine
2658 3261 2916 3324 definire
2948 3281 3084 3322 con-

807 3377 1084 3438 tendunt.

675 3499 761 3564 25
968 3493 1000 3540 ‘fl
1043 3496 1138 3554 83.
1184 3493 1248 3554 Si
1310 3493 1631 3571 longitudo
1695 3494 1953 3556 duorum
2007 3495 2314 3556 hominum
2365 3498 2466 3559 vel
2520 3498 2865 3576 plantarum
2922 3504 3091 3558 esset

759 3641 775 3655 ·
809 3610 968 3670 sicut
1002 3609 1255 3670 duarum
1288 3611 1675 3671 rationalium
1708 3612 2004 3673 linearum
2036 3612 2383 3691 longitud0,
2415 3622 2630 3692 posset
2657 3615 2867 3693 procul
2903 3614 3087 3674 dubio

808 3725 941 3786 dari
982 3726 1135 3787 illud
1170 3727 1424 3800 instans,
1480 3747 1595 3803 quo
1650 3729 2118 3806 unumquodque
2160 3729 2493 3790 secundum
2526 3729 2972 3808 longitudinem
3007 3729 3091 3791 sit

804 3841 1011 3920 alteri,
1054 3843 1233 3920 quale
1277 3843 1376 3903 vel
1421 3850 1517 3903 est
1558 3843 1659 3903 vel
1694 3844 1810 3903 erit
1851 3845 1952 3904 vel
1995 3844 2113 3904 fuit
2159 3845 2501 3923 aliquando,
2549 3847 2830 3923 aequale;
2881 3865 3089 3906 ornnes

807 3958 1033 4038 quippe
1068 3957 1346 4020 homines
1382 3980 1419 4019 a
1452 3959 1700 4020 minima
1732 3968 1971 4021 statura
2012 3979 2123 4039 per
2163 3961 2398 4022 medias
2450 3961 2528 4021 ad
2579 3962 2851 4022 adultam
2904 3973 3088 4039 atque

676 4086 765 4150 30
809 4093 920 4153 pro
969 4073 1346 4150 singulorum
1401 4075 1778 4153 proprietate
1831 4073 2171 4154 perfectam
2225 4076 2610 4154 devenimus,
2664 4077 2826 4138 unde
2879 4096 3090 4137 omnes

810 4197 978 4250 certo
1031 4191 1287 4251 instanti
1334 4190 1412 4250 ad
1447 4193 1703 4251 eandem
1744 4192 2030 4252 linealem
2073 4192 2397 4254 devenisse
2441 4194 2883 4271 longitudinem
2920 4213 3094 4273 opor-

809 4313 919 4366 tet.
952 4306 1147 4366 Porro
1182 4305 1298 4367 hoc
1331 4314 1428 4367 est
1460 4306 1541 4367 ad
1573 4307 1728 4367 illud
1768 4308 2006 4369 instans
2050 4309 2541 4369 mathematicam
2589 4311 2818 4370 lineam
2869 4310 3085 4384 lineae,

822 4447 870 4454 *-
1137 4449 1168 4452 —
1393 4451 1444 4454 —
1829 4455 1891 4458 —-
1910 4453 2441 4461 w-0—.——--mm·*.—*
2470 4455 2481 4458 4
2512 4457 2527 4460 ⁷
2596 4456 2749 4461 .--..--
2776 4455 2923 4461 —
2960 4454 3079 4460 v-———

992 4515 1056 4563 25
1087 4531 1305 4564 numero
1326 4513 1407 4582 83]
1435 4515 1470 4564 l.
1497 4516 1560 4564 43
