3738 5268
1511 517 1602 561 m:
1646 516 1975 562 MssxsvnA.
2782 501 2893 560 311

610 673 685 737 Si
723 674 1140 759 triquetrum
1179 672 1393 738 simili
1428 673 1666 738 veniat
1704 674 1973 738 ratione
2011 675 2137 739 sub
2179 674 2329 760 ipsa
2368 676 2462 757 (1)

608 790 1006 876 Aequorum
1045 789 1340 855 laterum
1378 792 1501 875 (2),
1542 789 1736 856 ouius
1774 789 2083 855 subiecta
2122 788 2271 854 basi
2309 789 2389 854 fit
2428 791 2521 871 (3)

610 905 969 972 Intentum
1008 907 1310 972 referens
1348 929 1736 990 numerum3
1779 907 1941 991 quia
1978 929 2139 993 pars
2176 906 2372 972 venit
2411 928 2550 972 una
2869 933 2894 972 5
2918 906 3214 984 p-1‘70

611 1024 878 1089 Interni
919 1024 1241 1110 triquetri
1282 1025 1372 1107 (4)
1413 1031 1641 1089 costae
1679 1026 1771 1106 (ὃ)
1810 1023 2147 1108 subiecta,
2187 1031 2267 1089 ut
2304 1022 2392 1088 ab
2431 1023 2583 1110 ipsa

522 1137 563 1199 ἴ)
610 1139 908 1226 Cuspide
946 1140 1255 1205 subiecta
1293 1142 1384 1224 (6)
1424 1140 1482 1205 si
1519 1146 1818 1226 punctus
1857 1139 2136 1204 fluxerit
2173 1139 2399 1226 ipsum

611 1257 743 1321 Per
779 1257 985 1321 finem
1024 1256 1244 1342 partis
1283 1257 1400 1340 (7),
1440 1264 1778 1342 punctum
1816 1256 2174 1343 pertingat
2212 1256 2286 1320 in
2325 1255 2498 1321 illud
2536 1257 2629 1338 (8)

614 1372 762 1451 Quo
798 1370 957 1437 finis
996 1381 1263 1459 partem
1303 1372 1685 1459 quaesitam
1725 1374 1817 1454 (9)
1856 1371 2189 1437 terminat
2227 1378 2407 1458 apte.

864 1560 1097 1602 neu-aeuo
1127 1559 1296 1599 maior.
1323 1558 1467 1600 vnde
1495 1560 1718 1609 pronum
1748 1559 2081 1609 10ngsmd1n0m
2111 1560 2221 1600 <ma
2251 1560 2429 1599 tamone
2460 1560 2641 1609 (mmo,

1420 1639 1492 1678 vel
1521 1650 1578 1679 ex
1608 1650 1664 1679 οι
1695 1643 1872 1689 putem
1904 1639 2099 1689 aecipio.

481 1768 564 1830 10
610 1772 822 1837 Porro
860 1770 1154 1857 longedo
1194 1772 1331 1854 (10)
1368 1770 1709 1856 triquetro
1745 1768 1931 1835 haud
1969 1769 2443 1857 comprensilis
2481 1776 2725 1837 extans
2853 1802 2905 1839 ιο

610 1887 871 1953 Offeret
908 1887 1250 1952 intentam
1289 1894 1585 1973 partem,
1628 1886 1791 1952 data
1829 1889 1889 1952 si
1925 1885 2105 1952 ratio
2144 1909 2283 1952 uno

609 2005 693 2069 In
730 2002 923 2070 radio
963 2005 1100 2086 (13)
1140 2003 1439 2090 capitur,
1482 2004 1602 2089 qui
1640 2010 1743 2069 est
1779 2026 1967 2069 nuno
2004 2026 2323 2070 mensura
2360 2027 2483 2091 per
2521 2004 2749 2092 ipsum

611 2119 971 2204 Integrum
1011 2118 1323 2184 ducenda
1361 2118 1521 2202 tibi,
1562 2125 1669 2185 tot
1705 2119 2024 2206 partibus
2063 2119 2214 2206 ipsa

609 2234 855 2300 Divisa
891 2241 971 2300 ut
1010 2235 1278 2321 quoties
1316 2257 1717 2322 comprensa
1756 2235 1924 2300 haec
1962 2242 2153 2300 extat
2193 2236 2266 2300 in
2305 2235 2455 2322 illa,

485 2347 566 2409 15
612 2351 717 2416 De
754 2351 1054 2439 propriis
1091 2358 1361 2438 partem
1400 2352 1605 2417 toties
1643 2375 1991 2437 unamque
2028 2361 2344 2440 reponat3
2604 2393 2611 2400 ·
2852 2382 2902 2419 ιε»

611 2467 913 2533 Residuo
953 2467 1231 2532 tandem
1271 2467 1453 2553 quod
1486 2475 1755 2554 partem
1793 2489 1936 2532 non
1972 2467 2143 2533 facit
2180 2491 2390 2533 unam
2430 2469 2566 2552 (14)

610 2583 722 2649 Ad
760 2583 946 2649 basis
985 2591 1365 2650 extremum
1406 2582 1710 2669 aequalis
1750 2583 2088 2672 capienda
2128 2585 2292 2669 (15),
2331 2591 2410 2651 ut
2448 2585 2536 2651 ab
2576 2584 2723 2650 eius

612 2702 788 2767 Fine
827 2701 914 2767 ad
952 2701 1339 2766 subiectum
1376 2707 1677 2789 punctus
1717 2702 1776 2766 si
1814 2701 2094 2767 fluxerit
2131 2701 2418 2788 anglum
2455 2703 2622 2786 (16),

613 2816 839 2884 Unius
878 2816 952 2882 in
990 2817 1209 2903 partis
1248 2816 1574 2903 triquetri
1613 2819 1748 2898 (17)
1785 2818 2004 2883 latere
2043 2818 2179 2899 (18)
2218 2816 2481 2882 indicet
2518 2816 2694 2882 illud

483 2934 573 2996 20
619 2934 818 3011 Quod
857 2940 1053 2999 tanta
1092 2934 1351 2999 interni
1389 2956 1552 3021 pars
1590 2942 1724 3019 est,
1765 2941 2029 3019 quanta
2065 2934 2271 3020 idque
2304 2935 2587 3022 superni
2852 2963 2904 3000 20

614 3052 705 3115 Et
744 3050 1297 3138 comprendentis
1333 3051 1602 3135 lateris,
1644 3057 1946 3116 testante
1984 3050 2267 3137 Solymo

615 3166 813 3243 Quod
849 3167 1170 3254 princeps
1206 3167 1354 3233 ludi
1387 3167 1633 3233 lubens
1667 3168 2029 3233 confirmat
2068 3167 2362 3233 Orestes,

617 3282 807 3347 Haeo
845 3282 1065 3367 igitur
1101 3284 1384 3368 reliquis
1424 3284 1668 3370 (partis
1704 3308 1865 3370 pars
1905 3283 2349 3367 adsimilaris)

617 3398 942 3464 Partibus
981 3399 1329 3482 adiicitur3
1371 3400 1549 3466 ratio
1590 3407 1693 3466 est
1732 3401 1958 3487 operis
1999 3401 2386 3467 manifesta.

485 3568 572 3630 25
777 3567 892 3639 Qui
929 3587 1046 3626 nou
1083 3568 1256 3627 novit
1287 3575 1514 3644 totum,
1553 3588 1752 3645 neque
1785 3575 2024 3647 partem
2052 3569 2250 3644 novit,
2290 3576 2351 3627 et
2386 3589 2419 3628 e
2456 3574 2685 3628 contra.

779 3682 812 3727 ’Π
857 3689 894 3747 3
932 3685 1016 3743 ibi
1072 3686 1185 3744 sub
1246 3693 1414 3745 certa
1453 3684 1838 3762 longitudine
1900 3685 1997 3744 HI
2055 3688 2091 3744 2
2142 3704 2334 3761 aequa
2370 3685 2567 3744 latera
2623 3686 2742 3744 AH
2809 3687 2902 3745 AI

619 3804 739 3880 HI,
785 3804 822 3861 3
864 3823 1009 3880 pars
1049 3823 1168 3862 una
1210 3803 1356 3877 AG,
1396 3805 1436 3862 4
1475 3804 1779 3862 internum
1824 3803 2185 3879 triquetrum
2229 3802 2427 3878 AFG,
2479 3804 2515 3860 5
2553 3812 2725 3862 costa
2760 3800 2898 3880 FG,

621 3924 658 3980 6
694 3919 899 3999 cuspis
933 3919 1208 3978 subiecta
1241 3920 1318 3996 A,
1366 3920 1401 3979 7
1431 3918 1569 3977 finis
1599 3918 1792 3996 partis
1828 3919 1915 3994 H,
1940 3920 1978 3977 8
2005 3926 2296 3996 punctum
2331 3917 2393 3976 in
2430 3919 2441 3995 Ι
2478 3917 2641 3993 quod
2676 3919 2902 3997 pertin·
2931 3930 3013 3991 p.
3041 3914 3216 3979 1'71

620 4036 715 4113 git
749 4036 828 4111 O,
864 4038 901 4094 9
936 4055 1080 4114 pars
1115 4034 1395 4112 quaesita
1428 4035 1536 4095 10.

491 4148 578 4210 30
782 4161 814 4207 51
863 4157 934 4212 13
976 4153 1152 4213 unius
1196 4153 1405 4213 radius
1447 4153 1576 4229 IH,
1637 4156 1712 4211 14
1763 4152 2075 4213 residuum
2111 4173 2229 4212 non
2264 4153 2499 4214 faciens
2550 4173 2726 4213 unam
2765 4175 2899 4233 par-

623 4279 748 4331 tem
787 4271 915 4346 EC,
962 4274 1034 4329 15
1089 4270 1364 4347 aequalis
1416 4268 1495 4330 ad
1550 4270 1719 4330 basis
1755 4279 2092 4330 extremum
2127 4272 2189 4330 in
2234 4270 2354 4348 HI,
2409 4275 2482 4331 16
2539 4271 2799 4349 angulus
2841 4273 2904 4332 in

623 4407 801 4462 quem
831 4396 927 4446 est
961 4386 1158 4445 fluxus
1194 4388 1274 4457 A,
1318 4388 1390 4444 17
1425 4387 1486 4445 in
1522 4386 1805 4461 triquetri
1841 4386 2039 4460 ΑΒΕ,
2084 4390 2156 4445 18
2191 4386 2385 4446 latere
2420 4387 2550 4446 DE.

812 4538 872 4588 Ξῖ
907 4536 1031 4605 AG]
1063 4536 1166 4587 NG
1292 4539 1355 4585 2¹.)
1391 4535 1430 4584 ic
1450 4542 1622 4601 punto
1651 4536 1696 4586 O
1721 4554 1825 4587 non
1852 4536 1878 4586 ὲ
1899 4544 2109 4603 aequale
2134 4538 2476 4603 nellafiyura
2502 4555 2614 4604 ap.
2643 4540 2750 4586 309
