3738 5268
1247 514 1878 563 con'rsMrLAmoNsss
1920 516 2004 559 Ex
2046 515 2303 562 nmmo,
2803 501 2919 560 193

628 675 1054 747 cernebantur,
1099 692 1251 749 quae
1288 693 1449 733 nunc
1490 672 1676 733 etiam
1731 671 2070 733 clanculum
2120 676 2367 750 patrata
2425 678 2732 745 tamquam
2787 688 2920 730 exe·

627 794 855 853 oranda
887 794 1359 873 turpissimaque
1407 790 1684 853 facinora
1717 799 2028 868 taxantur,
2073 797 2136 850 et
2178 788 2329 850 talia
2379 789 2659 849 nimirum
2697 810 2777 849 ex
2817 789 2917 848 via

628 912 834 989 legum
876 921 939 971 et
981 910 1325 990 praesentis
1359 910 1707 970 conditione
1751 915 1952 970 status
1993 914 2135 969 sunt
2176 908 2475 968 habenda.
2513 907 2918 986 Philosophia

629 1050 806 1108 vero,
846 1037 913 1089 ut
949 1028 1163 1089 didicit
1197 1049 1233 1087 a
1268 1027 1743 1108 particularibus
1778 1027 2138 1088 abstrahere
2190 1033 2253 1087 et
2293 1047 2494 1087 rerum
2530 1035 2810 1086 naturam
2855 1034 2918 1085 et

539 1142 581 1208 5
628 1147 1035 1208 conditionem
1071 1146 1149 1206 ad
1184 1146 1560 1224 absolutum,
1597 1154 1889 1224 quantum
1930 1146 2226 1225 possibile
2271 1153 2394 1222 est,
2431 1144 2733 1205 deducere
2770 1143 2920 1203 iudi-

626 1266 809 1344 cium,
849 1264 1029 1325 aliter
1067 1265 1219 1326 utile
1257 1273 1320 1326 et
1353 1266 1575 1325 bonum
1614 1264 1999 1344 simpliciter,
2049 1264 2229 1324 aliter
2270 1263 2420 1323 utile
2465 1271 2529 1323 et
2580 1263 2803 1323 bonum
2837 1261 2918 1321 ad

625 1382 893 1461 speciem
925 1383 1250 1442 humanam
1287 1389 1667 1443 contractum
1700 1381 1953 1442 definiat
1987 1388 2250 1461 oportet.
2279 1380 2434 1442 Inde
2473 1388 2536 1441 et
2570 1381 2631 1440 in
2664 1400 2913 1441 numero

623 1498 1126 1578 philosophorum
1163 1499 1307 1559 licet
1329 1519 1437 1560 eos
1457 1498 1667 1560 videre
1693 1506 1754 1559 et
1775 1498 2005 1577 audire,
2035 1499 2135 1575 qui
2158 1498 2274 1558 hoc
2296 1498 2593 1577 principio
2618 1517 2688 1558 eo
2712 1497 2915 1557 adacti

623 1622 782 1694 sunt,
810 1621 880 1674 ut
904 1614 1057 1674 nihil
1091 1616 1376 1675 absolute
1405 1615 1645 1692 bonum,
1683 1613 1833 1673 nihil
1862 1615 2144 1675 absolute
2174 1635 2387 1675 verum
2416 1615 2478 1673 in
2511 1620 2729 1673 natura
2753 1632 2914 1673 com-

494 1734 579 1801 lO
622 1732 1039 1811 prehendere,
1077 1731 1190 1791 sed
1226 1732 1279 1793 si
1322 1731 1481 1808 quod
1527 1730 1634 1791 fiet
1672 1731 2049 1809 huiusmodi,
2085 1730 2149 1790 id
2185 1732 2385 1810 ipsum
2415 1752 2601 1810 supra
2631 1740 2695 1791 et
2738 1738 2912 1791 extra

620 1857 896 1907 naturam
934 1867 1071 1908 esse
1097 1847 1595 1927 perquirendum3
1627 1848 1730 1908 alii
1760 1847 2054 1927 quidquid
2085 1847 2308 1909 dicitur
2337 1855 2399 1908 et
2433 1847 2914 1907 contradictoria

622 1963 755 2041 ipsa
800 1984 938 2024 esse
987 1984 1137 2026 vera
1179 1966 1596 2044 protulerunt3
1642 1966 1750 2025 alii
1799 1965 2016 2026 eodem
2069 1968 2250 2044 plane
2304 1965 2528 2025 iudicio
2584 1964 2734 2025 nihil
2772 1986 2909 2026 esse

622 2101 858 2158 verum,
903 2082 1044 2159 quia
1087 2082 1331 2160 ingenio
1376 2091 1441 2143 et
1495 2084 2010 2162 contemplatione
2055 2084 2348 2143 nolebant
2389 2090 2642 2143 naturae
2684 2082 2912 2143 limites

625 2199 1003 2278 transgredi,
1045 2208 1106 2260 et
1139 2200 1382 2260 interim
1416 2209 1694 2262 naturam
1728 2203 1925 2280 ipsam
1960 2201 2018 2260 in
2055 2200 2338 2261 absoluta
2380 2201 2641 2277 quadam
2677 2202 2912 2262 unitate

492 2313 572 2377 15
619 2324 801 2392 atque
833 2317 1210 2395 proprietate
1237 2319 1822 2397 contemplabantur,
1848 2336 2003 2395 quae
2028 2337 2158 2377 cum
2182 2318 2245 2377 iu
2269 2316 2741 2396 particularibus
2775 2338 2909 2378 con·

621 2433 957 2511 trarietate,
995 2443 1123 2493 tum
1157 2455 1276 2494 una
1311 2433 1571 2511 quadam
1606 2434 1828 2512 prima,
1850 2442 1981 2494 tum
2012 2435 2321 2513 plerisque
2364 2435 2503 2495 aliis
2542 2454 2908 2512 consequen-

627 2552 793 2611 tibus
827 2536 1223 2613 diffundatur.
1259 2553 1381 2612 Pro
1413 2551 1589 2612 libito
1624 2551 1722 2613 his
1757 2552 2000 2629 quidem
2038 2552 2209 2614 licuit
2253 2554 2355 2633 (ex
2387 2553 2503 2613 hoc
2547 2553 2711 2630 quod
2756 2554 2909 2613 nihil

620 2679 716 2732 est
751 2671 911 2747 quod
946 2672 1125 2732 alicui
1163 2692 1281 2732 non
1318 2672 1401 2732 sit
1431 2672 1657 2731 bonum
1701 2677 1763 2730 et
1805 2672 2128 2750 praesens)
2175 2671 2374 2731 omnia
2408 2672 2467 2730 in
2506 2692 2731 2748 genere
2764 2673 2906 2732 boni

620 2799 802 2867 atque
839 2790 967 2851 veri
1005 2791 1333 2868 collocare,
1385 2798 1447 2851 et
1490 2791 1719 2849 nullum
1775 2798 2221 2868 consequenter
2281 2811 2526 2851 sensum
2580 2791 2738 2867 falli3
2781 2792 2908 2855 illis

485 2914 574 2979 20
622 2919 824 2970 autem
864 2913 965 2990 (ex
996 2927 1068 2970 eo
1096 2911 1236 2987 quia
1259 2909 1412 2969 nihil
1433 2915 1530 2970 est
1558 2908 1720 2986 quod
1749 2909 1929 2968 alicui
1959 2929 2079 2969 non
2107 2909 2189 2970 sit
2216 2910 2439 2969 malum
2472 2918 2535 2970 et
2571 2910 2902 2991 occultum)

619 3027 820 3087 omnia
877 3026 953 3087 ad
1015 3047 1210 3105 genus
1265 3026 1406 3086 falsi
1451 3034 1515 3086 et
1567 3025 2053 3087 inconvenientis
2104 3026 2429 3087 referenda
2483 3029 2904 3090 censebantur.

618 3143 813 3203 Nobis
867 3164 1015 3203 vero
1067 3144 1227 3202 ultra
1286 3150 1348 3203 et
1400 3151 1574 3202 extra
1628 3143 2011 3221 propositum
2061 3162 2348 3203 sensuum
2405 3152 2467 3203 et
2522 3145 2899 3205 sensibilium

617 3282 738 3320 non
772 3260 1232 3338 egredientibus
1281 3260 1690 3321 definiendum
1724 3261 1999 3338 videtur,
2040 3261 2191 3321 nihil
2234 3283 2370 3321 esse
2425 3262 2706 3322 absolute
2742 3264 2903 3338 quod

618 3378 694 3437 ad
730 3399 908 3438 unam
941 3379 1039 3439 vel
1073 3379 1326 3438 alteram
1375 3378 1877 3439 contradictionis
1920 3385 2158 3458 partem
2214 3380 2421 3441 verius
2456 3379 2797 3456 referatur,
2844 3387 2907 3439 et

483 3503 569 3566 25
617 3498 755 3558 ideo
802 3496 1092 3558 sensibile
1145 3497 1308 3557 idem
1365 3517 1497 3558 cum
1542 3497 1622 3556 ad
1676 3498 1982 3557 contraria
2032 3497 2308 3558 subiecta
2358 3507 2540 3575 atque
2596 3499 2904 3577 potentias

616 3613 921 3675 referatur
974 3615 1339 3691 aequalitem
1384 3615 1537 3674 haec
1591 3615 1750 3674 enim
1806 3634 1961 3691 quae
2020 3635 2203 3674 unum
2257 3630 2674 3694 corrumpunt,
2734 3616 2900 3677 aliud

614 3739 941 3810 generant,
979 3752 1133 3808 quae
1163 3752 1345 3791 unum
1375 3738 1759 3808 conservant,
1790 3732 1955 3792 aliud
1985 3732 2334 3809 destruunt3
2372 3733 2510 3793 aliis
2535 3753 2680 3811 ergo
2719 3742 2901 3810 atque

614 3849 752 3909 aliis
785 3851 945 3908 bona
979 3855 1121 3908 sunt
1153 3857 1336 3924 atque
1378 3851 1565 3925 mala,
1611 3848 1875 3909 iocunda
1927 3857 1989 3910 et
2024 3849 2250 3923 tristia,
2292 3850 2429 3910 aliis
2473 3849 2695 3910 deinde
2740 3851 2898 3929 plus,

614 3966 753 4027 aliis
785 3967 1011 4043 minus,
1051 3965 1189 4025 aliis
1226 3985 1492 4044 semper,
1526 3966 1665 4026 aliis
1699 3966 2045 4040 aliquando.
2072 3969 2166 4026 Ex
2189 3967 2381 4027 latere
2414 3967 2602 4045 igitur
2638 3968 2899 4029 obiecto·

482 4083 570 4146 30
614 4107 744 4145 rum
790 4106 908 4145 non
954 4094 1050 4145 est
1085 4084 1334 4146 definite
1368 4088 1589 4146 bonum
1623 4097 1686 4147 et
1722 4086 1971 4148 definite
2006 4088 2259 4164 malum,
2295 4088 2544 4149 definite
2580 4109 2790 4149 verum
2835 4098 2899 4150 et

616 4204 864 4264 definite
900 4202 982 4262 fal
1002 4211 1184 4281 fisum,
1221 4202 1371 4263 adeo
1405 4211 1470 4263 ut
1499 4224 1616 4263 uno
1639 4205 1860 4265 intuitu
1884 4206 2086 4285 possis
2114 4226 2224 4284 pro
2253 4227 2371 4265 una
2394 4207 2893 4268 contradictionis
2939 4227 3020 4287 p.
3051 4213 3189 4276 60

615 4331 789 4402 parte
845 4323 1049 4383 dicere
1100 4323 1299 4383 omnia
1344 4325 1533 4398 bona;
1580 4324 1698 4383 alio
1742 4344 1853 4403 pro
1910 4325 2411 4385 contradictionis
2468 4335 2642 4404 parte
2699 4327 2895 4387 altera

613 4440 815 4499 omnia
857 4440 1042 4514 mala3
1077 4441 1198 4499 alio
1241 4440 1390 4499 nihil
1426 4442 1650 4501 bonum
1685 4441 1787 4500 vel
1841 4442 2098 4520 malum,
2147 4451 2214 4501 ut
2248 4451 2529 4502 neutrum
2560 4444 2893 4504 contradic-

613 4557 905 4615 toriorum
944 4556 1024 4615 sit
1057 4575 1288 4631 verum3
1314 4557 1432 4615 alio
1467 4557 1667 4616 omnia
1698 4566 1824 4617 tum
1845 4559 2007 4617 bona
2028 4568 2153 4619 tum
2175 4559 2345 4632 mala,
2368 4565 2435 4618 ut
2464 4560 2544 4619 sit
2572 4568 2892 4637 utrumque

881 4667 1030 4707 littus!
1070 4669 1177 4716 ΟΝ).
1204 4668 1283 4704 lue.
1313 4667 1346 4714 l,
1372 4669 1413 4705 3.
2554 4669 2568 4677 ’
