3738 5268
1375 552 1465 597 nn
1507 552 1730 598 mmm
1770 551 2185 598 anamiim.
2812 534 2920 595 171

638 708 744 769 ille
779 707 1041 769 effluxus
1084 717 1146 767 et
1201 711 1562 787 propagatio
1615 708 1908 784 cernitur,
1960 716 2022 768 et
2076 715 2172 767 est
2224 715 2291 766 ut
2342 707 2550 767 radius
2597 713 2660 766 et
2710 704 2920 782 fulgur

638 823 788 885 solis
814 823 915 883 lux
961 824 1082 884 alia
1122 833 1219 884 est
1252 826 1327 884 ab
1369 844 1441 884 ea
1475 844 1628 901 quae
1663 833 1866 885 manet
1895 824 1957 883 in
1987 825 2115 884 sole
2139 822 2823 898 incommunicabiliter,
2863 830 2927 881 et

634 960 707 1000 ea
748 959 903 1017 quae
936 948 1032 1000 est
1062 940 1381 1000 formatrix
1418 941 1567 1003 solis
1602 940 1904 1001 individui
1948 940 2126 1000 huius
2167 946 2230 999 et
2262 938 2451 1016 illius,
2501 937 2627 997 alia
2660 936 2809 997 item
2844 938 2921 996 ab

636 1076 709 1116 ea
748 1076 902 1133 quae
946 1026 1228 1118 absoluta
1277 1064 1375 1118 est
1417 1078 1529 1137 per
1570 1077 1637 1119 se
1680 1057 2026 1119 substantia
2059 1056 2381 1134 quaedam,
2421 1056 2662 1133 qualem
2699 1055 2923 1133 primo-

546 1173 589 1237 5
633 1173 905 1249 genitam
947 1174 1009 1234 in
1050 1194 1161 1234 sua
1214 1173 1443 1236 Genesi
1495 1174 1891 1253 appellavere
1940 1173 2173 1251 Moses,
2235 1171 2643 1249 Trimegistus
2706 1179 2769 1233 et
2822 1171 2927 1231 alii

637 1287 932 1350 Chaldaei
966 1296 1030 1350 et
1062 1290 1382 1370 Aegyptii.
1421 1289 1679 1362 Quarto:
1731 1298 1829 1350 est
1871 1290 1975 1349 lux
2018 1309 2132 1368 per
2192 1287 2550 1364 gradualem
2586 1287 2928 1366 partecipa-

634 1403 882 1482 tionem,
928 1413 995 1465 ut
1039 1426 1174 1484 aer,
1213 1406 1386 1484 luna,
1424 1406 1640 1482 tellus,
1679 1405 1994 1485 speculum
2045 1414 2108 1465 et
2148 1402 2383 1481 reliqua
2423 1421 2579 1480 quae
2629 1402 2781 1463 lucis
2830 1422 2931 1462 no-

636 1542 778 1584 men
836 1523 1209 1602 improprius
1256 1531 1568 1602 usurpant.
1614 1524 1804 1585 Hisce
1844 1523 1934 1584 ita
1986 1542 2053 1584 se
2108 1521 2476 1582 habentibus
2539 1518 2798 1580 dicimus
2845 1519 2933 1579 lu·

640 1658 770 1698 cem
801 1639 1147 1717 punctalem
1182 1639 1354 1720 (licet
1375 1640 1455 1700 sit
1478 1639 1817 1718 possibilis)
1840 1639 2008 1698 nullo
2031 1647 2212 1718 pacto
2235 1635 2451 1698 videri.
2485 1636 2641 1713 Non,
2666 1633 2928 1713 inquam,

508 1753 593 1816 10
637 1754 993 1816 immediate
1031 1764 1095 1816 et
1137 1776 1247 1835 per
1293 1776 1386 1834 se,
1447 1757 1586 1833 quia
1644 1758 1738 1836 (ut
1791 1755 2318 1835 perspectivorum
2373 1754 2644 1834 ipsorum
2697 1751 2932 1811 ratione

639 1875 801 1955 utar)
851 1893 971 1934 non
1022 1872 1175 1934 facit
1208 1873 1615 1952 pyramidem,
1655 1873 1940 1951 quicquid
1984 1880 2187 1934 autem
2233 1872 2479 1932 videtur
2520 1871 2635 1931 sub
2672 1868 2933 1948 pyrami-

640 1992 743 2069 de,
782 1990 953 2051 cuius
996 1990 1165 2050 basis
1189 1997 1286 2051 est
1320 1991 1381 2049 in
1417 2010 1485 2050 re
1516 1992 1664 2067 visa,
1693 2011 1882 2051 conus
1912 2011 2059 2051 vero
2088 1990 2151 2050 in
2185 1989 2395 2065 ocu103
2432 1986 2600 2065 atqui
2634 2006 2671 2046 a
2703 1991 2930 2064 puncto

641 2109 721 2170 ad
754 2116 1044 2188 punctum
1079 2128 1195 2167 non
1235 2116 1332 2168 est
1374 2111 1669 2189 pyramis,
1710 2108 1818 2169 sed
1864 2108 2318 2190 simplicissima
2350 2107 2538 2166 linea:
2573 2124 2695 2164 non
2746 2103 2931 2164 etiam

640 2225 929 2304 mediate,
968 2224 1108 2301 quia
1143 2243 1218 2284 ex
1255 2223 1581 2285 diffusione
1615 2224 1722 2284 illa
1756 2224 2082 2304 sphaerico
2127 2224 2320 2302 facta,
2355 2242 2509 2299 quae
2550 2219 2702 2282 facit
2734 2220 2931 2280 lucem

511 2335 595 2400 15
641 2341 972 2419 visibilem,
1010 2361 1132 2400 non
1176 2340 1522 2418 colligimus
1578 2361 1762 2402 sensu
1806 2361 2003 2418 neque
2048 2340 2288 2402 ratione
2334 2340 2533 2400 lucem
2578 2338 2926 2418 punctalem

641 2478 805 2536 esse,
856 2459 1019 2520 sicut
1061 2466 1124 2519 et
1164 2457 1506 2537 triangulus
1556 2457 1967 2535 aequilaterus
2009 2458 2155 2538 (etsi
2195 2477 2343 2519 vere
2388 2457 2471 2519 sit
2511 2455 2925 2532 aequilaterus

642 2575 719 2636 ad
776 2574 1121 2654 punctalem
1174 2593 1365 2651 usque
1410 2575 1839 2652 aequalitatem
1876 2576 2161 2649 laterum)
2198 2594 2382 2636 sensu
2424 2594 2544 2633 non
2591 2580 2802 2652 potest
2843 2572 2930 2632 iu-

646 2692 864 2770 dicari;
916 2701 1042 2754 stat
1098 2693 1258 2755 enim
1312 2694 1473 2770 quod
1523 2694 1830 2773 videatur,
1886 2716 2009 2756 non
2054 2702 2258 2756 autem
2305 2693 2467 2772 quod
2522 2694 2635 2754 sub
2688 2691 2929 2753 ratione

650 2809 1041 2886 aequalitatis
1091 2810 1396 2871 videatur.
1449 2812 1548 2871 Ita
1604 2818 1730 2871 stat
1784 2832 1932 2891 ergo
1966 2812 2165 2873 lucem
2207 2810 2555 2890 punctalem
2608 2828 2747 2871 esse
2791 2807 2935 2871 visi·

511 2930 600 2995 20
649 2932 869 3009 bilem,
935 2933 1049 2994 sed
1087 2952 1210 2993 non
1272 2933 1386 2993 sub
1435 2932 1857 3011 punctalitafis
1909 2934 2147 2994 ratione
2200 2931 2302 2992 vel
2357 2939 2599 3008 natura,
2648 2929 2761 2991 sed
2815 2929 2929 2991 sub

644 3048 996 3111 diffusione.

1560 3380 1867 3447 GAPV'P
1939 3380 2029 3443 X.

1107 3547 1414 3598 Distinguitur
1436 3547 1675 3587 minimum
1705 3549 1754 3589 in
1777 3560 1944 3599 genere
1970 3560 1998 3589 a
2022 3549 2210 3589 mlnlmo
2231 3550 2454 3590 absolute.

823 3741 1107 3805 Praeter
1145 3740 1532 3806 subiectum
1571 3741 1962 3826 minimum,
2004 3742 2189 3827 quod
2225 3742 2312 3807 ab
2346 3749 2494 3808 arte
2532 3740 2821 3808 subinde

510 3853 597 3919 25
644 3856 970 3923 Solertim
1006 3856 1202 3922 varia
1241 3857 1560 3944 capiatur
1598 3857 1972 3944 positione,

643 3972 756 4037 Ad
794 3980 1192 4058 certumque
1228 3996 1473 4060 genUS,
1516 3974 1812 4062 speciem
1850 3998 2347 4062 numerumque
2386 3977 2680 4042 relatum
2719 3983 2842 4061 est,

641 4088 950 4155 Naturae
987 4097 1148 4155 ante
1194 4091 1424 4157 oculos
1457 4098 1562 4157 est
1601 4092 1675 4157 in
1712 4091 2113 4178 gremioque
2153 4115 2527 4178 manuque,

643 4204 795 4282 Quo
832 4204 1090 4292 species
1128 4212 1385 4272 certam
1417 4215 1763 4293 nequeant
1794 4208 2280 4274 transcendere
2313 4214 2587 4273 metam.
2904 4236 2929 4274 5

643 4319 803 4385 Non
841 4320 1128 4386 minimo
1168 4321 1394 4387 minor
1427 4345 1570 4388 esse
1606 4330 1834 4411 potest
1873 4324 2074 4409 bove,
2110 4346 2342 4390 musca
2380 4324 2743 4409 minorque

512 4432 600 4498 30
641 4434 808 4502 Esse
845 4443 1074 4523 potest
1112 4437 1429 4523 minima,
1466 4445 1546 4503 ut
1583 4440 1798 4506 variis
1835 4439 2276 4526 numerisque
2315 4448 2714 4527 resurgunt,

645 4551 763 4619 Sic
798 4576 1021 4640 neque
1058 4577 1377 4621 mensura
1416 4562 1580 4622 sunt
1615 4578 1755 4623 una
1794 4556 2293 4642 consimilique.

2971 4125 3053 4185 p.
3084 4109 3226 4172 40
