3738 5268
838 481 954 539 170
1452 492 1732 539 mamm
1772 492 1976 538 Bam
2015 493 2105 540 m:
2144 493 2414 556 numm,
2457 494 2497 538 1.

835 666 1012 708 omne
1055 646 1370 707 minimum
1399 656 1568 708 esset
1615 646 1926 708 sensibile.
1963 647 2050 707 At
2076 667 2223 709 vero
2267 648 2579 708 minimum
2613 646 2950 726 gustabile,
2988 653 3121 707 tan-

834 765 1050 842 gibile,
1103 764 1435 826 secundum
1479 784 1722 826 sensum
1767 773 1831 825 et
1883 773 2152 843 caetera,
2200 774 2445 845 oportet
2486 765 2780 843 quasdam
2834 764 3117 825 sortitum

839 902 978 945 esse
1020 882 1377 960 qualitates,
1414 882 1633 960 quibus
1667 882 1745 941 ad
1790 902 2038 943 sensum
2091 885 2317 945 habeat
2363 884 2741 962 analogiam,
2792 902 2948 959 quae
2996 902 3120 942 non

838 1001 957 1063 nisi
991 1021 1029 1060 a
1071 999 1510 1080 compositione
1572 998 1831 1075 quadam
1897 1000 2324 1062 demanabunt.
2386 1001 2639 1062 Minima
2693 1000 2920 1078 quippe
2954 999 3126 1059 iuxta

749 1117 790 1180 5
836 1118 1094 1197 primam
1130 1118 1407 1194 formam,
1443 1136 1563 1192 qua
1593 1115 1840 1176 minima
1874 1123 1939 1176 et
1972 1124 2228 1196 corpora
2255 1126 2425 1196 sunt,
2452 1118 2871 1180 indifferentia
2899 1118 3126 1178 haben·

838 1245 939 1297 tur
982 1236 1206 1312 omnia3
1245 1235 1407 1312 quod
1440 1254 1588 1296 vero
1625 1233 1885 1295 subinde
1922 1255 2128 1295 eorum
2163 1236 2315 1296 haec
2347 1234 2592 1313 quidem
2614 1243 2759 1296 sunt
2791 1235 3126 1314 sensibilia,

838 1353 947 1413 illa
993 1373 1141 1415 vero
1185 1373 1332 1430 non,
1382 1359 1627 1432 oportet
1669 1353 1932 1428 quadam
1982 1353 2324 1415 adiectione
2375 1355 2533 1431 fieri;
2587 1374 2659 1416 ac
2710 1376 2830 1415 non
2875 1362 2971 1415 est
3001 1373 3128 1414 cre-

840 1469 1029 1530 dibile
1056 1469 1250 1530 ullam
1275 1469 1622 1530 huiusmodi
1669 1470 2022 1545 qualitatem
2052 1491 2236 1551 super
2262 1472 2459 1551 prima
2493 1472 2751 1533 materia
2778 1471 3130 1533 immediate

837 1586 1102 1648 fundari.
1136 1587 1483 1665 Propterea
1518 1585 1818 1665 principia
1850 1588 2196 1648 materialia
2229 1588 2594 1664 quibusdam
2630 1597 2773 1650 sunt
2810 1587 3127 1665 distincta,

711 1704 796 1768 10
838 1724 1096 1782 quornm
1153 1703 1495 1764 sententiae
1535 1722 1648 1763 nos
1689 1704 1887 1780 magis
1929 1703 2397 1784 adstipulamur,
2442 1707 2666 1783 lucem,
2703 1712 2985 1765 naturam
3027 1705 3133 1764 hu-

845 1827 1138 1898 mentem,
1179 1827 1534 1895 atomosque
1570 1839 1679 1880 seu
1712 1819 1945 1880 aridam
1988 1821 2289 1880 communi
2331 1822 2589 1882 materia
2636 1821 2973 1882 consistere
3009 1842 3130 1880 non

844 1938 1188 2000 credentes.
1224 1936 1366 1996 Vim
1402 1956 1546 1997 vero
1583 1937 1905 1997 animalem
1940 1938 2026 1998 ita
2059 1938 2467 2017 individuam,
2507 1948 2576 1999 ut
2617 1947 2750 2000 tota
2783 1939 2867 2000 sit
2901 1940 2964 1998 in
2997 1946 3128 1999 toto

839 2062 903 2116 et
937 2052 1200 2131 singulis
1235 2052 1536 2132 partium,
1582 2075 1618 2113 a
1650 2050 1771 2112 loci
1815 2062 1997 2131 atque
2034 2056 2330 2135 temporis
2365 2056 2816 2142 conditionibus
2871 2055 3128 2115 nihilum

843 2191 954 2250 per
987 2191 1054 2233 se
1097 2170 1251 2231 citra
1288 2170 1792 2249 compositionem
1826 2172 2094 2250 patienS,
2152 2174 2311 2233 sicut
2355 2155 2488 2234 non
2539 2174 2945 2252 intelligimus
2991 2192 3132 2234 esse

715 2295 797 2357 17)
843 2288 1152 2366 accidens,
1188 2298 1251 2348 ut
1287 2288 1669 2347 harmoniam
1702 2288 1806 2349 vel
1847 2297 2049 2350 actum
2092 2291 2382 2369 alienum,
2426 2292 2516 2351 ita
2556 2310 2795 2369 quoque
2855 2291 3140 2352 substan-

846 2407 993 2467 tiam
1018 2405 1431 2467 concludimus
1462 2425 1597 2468 esse
1629 2415 1733 2465 aut
1753 2427 1875 2466 non
1896 2408 2273 2468 materialem
2298 2417 2403 2469 aut
2437 2410 2446 2490 Ι
2485 2410 2616 2471 eius
2643 2410 2957 2488 materiae,
2981 2428 3134 2487 quae

846 2531 910 2589 in
944 2529 1108 2590 idem
1142 2548 1337 2606 genus
1380 2547 1516 2588 cum
1550 2528 1748 2589 tribus
1790 2527 2124 2607 praedictis
2173 2549 2296 2589 non
2352 2531 2692 2591 conveniat.
2744 2529 2921 2591 Hanc
2962 2538 3139 2590 natu-

852 2669 982 2709 ram
1019 2648 1353 2709 Zoroaster
1387 2646 1727 2726 appellavit
1769 2646 1992 2723 lucem,
2041 2655 2103 2708 et
2157 2647 2548 2710 Democritus
2602 2657 2783 2727 atque
2836 2649 3137 2727 Empedo-

854 2769 981 2829 cles
1016 2767 1241 2844 ignem.
1283 2766 1417 2826 Iam
1460 2764 1737 2841 sequitur
1770 2763 2063 2825 iudicium
2101 2767 2165 2826 in
2220 2769 2645 2847 perspectivos
2700 2777 2764 2830 et
2815 2769 3135 2849 physicOS,

720 2891 809 2955 20
852 2886 956 2964 qui
1011 2885 1143 2945 sine
1192 2883 1543 2944 discrimine
1600 2881 1931 2943 eorundem
1992 2892 2290 2963 usurpant
2345 2886 2815 2965 propositiones.
2884 2887 2950 2947 Si
3007 2888 3137 2964 lux,

858 3002 1050 3081 aiunt,
1097 3007 1264 3061 esset
1295 2999 1623 3079 punctalis,
1670 2998 1987 3060 videretur
2037 3000 2138 3060 vel
2191 3009 2358 3062 esset
2401 3002 2662 3063 visibilis
2677 3024 2690 3078 ;
2748 3002 2919 3063 cuius
2961 3003 3143 3063 ratio-

856 3137 996 3179 nem
1048 3116 1392 3190 adducunt,
1437 3115 1578 3190 quia
1635 3115 1789 3176 lucis
1852 3123 1950 3175 est
1991 3136 2057 3177 se
2102 3117 2420 3195 sphaerice
2483 3117 2855 3197 diffundere,
2925 3120 3138 3195 itaque

858 3234 1178 3316 sphaerica
1226 3233 1560 3294 videretur.
1601 3233 1789 3308 Atqui
1823 3233 1940 3293 hoc
1976 3241 2072 3294 est
2104 3233 2309 3295 dicere
2343 3236 2694 3315 punctalem
2721 3237 2918 3297 lucem
2948 3235 3147 3296 videri

856 3353 1120 3414 mediate
1155 3359 1219 3413 et
1250 3370 1363 3431 per
1389 3349 1694 3427 accidenS,
1739 3370 1956 3429 nempe
1993 3371 2102 3430 per
2144 3352 2331 3430 aliud,
2371 3355 2530 3414 sicut
2574 3355 2854 3415 videmus
2888 3375 2999 3435 per
3033 3374 3145 3416 sua

724 3476 811 3541 ‘25
858 3469 1197 3532 accidentia
1232 3468 1538 3528 hominem
1574 3474 1636 3527 et
1671 3468 1969 3545 plantam,
2009 3477 2072 3529 et
2098 3490 2210 3547 per
2238 3470 2562 3548 sphaeram
2599 3480 2899 3550 centrum,
2937 3480 3000 3533 et
3035 3492 3146 3551 per

863 3598 1036 3649 actus
1087 3586 1252 3645 vitae
1297 3585 1643 3644 animatum.
1693 3584 2041 3645 Formalius
2080 3605 2226 3663 ergo
2271 3607 2449 3664 quam
2492 3588 2713 3665 vulgus
2760 3595 2824 3649 et
2864 3589 3144 3650 rhetores

863 3707 1208 3783 loquentes,
1243 3703 1498 3763 dicimus
1532 3721 1651 3761 non
1687 3701 2034 3781 punctalem
2068 3703 2266 3764 lucem
2292 3704 2487 3765 videri
2513 3708 2718 3786 (quam
2740 3727 2937 3785 neque
2964 3727 3148 3768 sensu

866 3841 1061 3901 neque
1096 3820 1333 3881 ratione
1368 3841 1403 3879 a
1439 3839 1620 3879 sensu
1665 3819 1990 3897 desumpta
2023 3841 2348 3899 possumus
2383 3841 2492 3900 pro
2528 3823 2799 3901 punctali
2846 3823 3144 3904 definire),

865 3939 977 4001 sed
1010 3939 1165 3999 lucis
1208 3935 1617 3997 diffusionem.
1674 3935 1790 3995 Est
1831 3936 1992 3996 enim
2044 3937 2221 3998 nobis
2263 3937 2485 4015 primo:
2536 3939 2806 3999 essentia
2850 3939 3149 4016 quaedam

734 4056 820 4119 30
864 4058 985 4133 lux,
1022 4075 1143 4133 qua
1174 4053 1521 4114 huiusmodi
1558 4060 1697 4112 actu
1740 4053 2146 4131 compositum
2180 4054 2281 4115 vel
2316 4053 2578 4133 simplex
2612 4054 2858 4131 aliquod
2893 4061 2990 4115 est
3032 4054 3151 4115 for-

868 4185 1115 4234 matum.
1161 4171 1462 4233 Secundo:
1512 4190 1649 4231 esse
1693 4171 1853 4247 quod
1910 4170 1971 4229 in
2026 4169 2162 4250 ipsa
2216 4173 2656 4250 compositione
2730 4171 2833 4234 vel
2885 4173 3154 4252 simplici

867 4290 1230 4351 individuali
1285 4288 1631 4351 substantia
1671 4289 1996 4367 reperitur.
2056 4290 2290 4349 Tertio:
2351 4290 2558 4351 radius
2620 4293 2716 4350 vel
2773 4292 2977 4369 fulgor
3032 4312 3148 4368 quo

906 4443 1295 4450 -ῄ--ῌννῐῑ
1538 4442 1545 4443 ff
1638 4439 1972 4446 *ssVss—ss-v-
2031 4441 2080 4445 a·
2171 4440 2264 4445 —4-—

2661 4444 2742 4448 ⁴
2777 4443 3138 4453 —————.

1057 4518 1118 4569 27
1154 4518 1472 4584 loquentes.
1512 4516 1771 4567 Dicimus
