3738 5268
868 496 949 557 24
1748 503 2027 550 romum
2067 503 2270 549 imvm

864 684 1102 771 geneis
1163 683 1538 749 discretum
1584 680 1904 770 partibus
1969 680 2302 747 invenies.
2349 679 2463 746 Ad
2507 679 2678 746 talia
2725 678 2985 745 etenim
3029 678 3154 743 mi-

867 810 1058 877 nima
1101 815 1354 877 natura
1403 809 1626 876 omnis
1674 814 1878 895 (quae
1928 806 2220 873 rationis
2267 813 2337 872 et
2382 805 2799 872 intentionis
2844 811 2951 870 est
2995 804 3153 871 fun-

866 934 1291 1017 damentum)
1329 933 1732 1001 resolvendo
1769 932 2231 1022 progreditur.
2270 934 2375 997 22.
2408 931 2645 997 Μ111118
2677 931 2966 997 minimo
2998 929 3150 996 dari

865 1069 943 1135 in
978 1076 1230 1136 natura
1267 1068 1617 1154 intelliges
1654 1074 1865 1154 atque
1898 1065 2189 1152 senties,
2230 1066 2318 1133 ad
2354 1065 2661 1131 diversas
2699 1063 2973 1131 minimi
3006 1086 3152 1151 spe-

778 1195 820 1259 5
867 1192 1006 1260 cies
1050 1194 1447 1281 inspiciens,
1494 1193 1714 1258 Plano
1760 1192 1949 1257 enim
2001 1190 2291 1257 minimo
2339 1190 2526 1276 quod
2571 1196 2674 1255 est
2729 1195 2811 1255 ut
2863 1189 3150 1276 plenum

869 1318 1100 1385 minus
1132 1322 1235 1384 est
1271 1317 1642 1384 minimum
1674 1315 1860 1402 quod
1893 1322 1997 1381 est
2028 1321 2108 1381 ut
2144 1336 2467 1396 vacuum3
2504 1314 2588 1379 de
2616 1313 2835 1380 solido
2875 1335 3151 1399 quoque

868 1443 1157 1510 minimo
1190 1448 1459 1530 (utpote
1494 1440 2098 1507 tridimensionato
2135 1442 2381 1522 vacuo)
2420 1438 2605 1503 idem
2642 1444 2745 1504 est
2793 1438 3149 1505 iudicium.

869 1568 975 1633 23.
1022 1566 1394 1633 Minimum
1433 1588 1598 1652 ergo
1636 1572 1740 1632 est
1776 1564 2005 1653 prima
2037 1585 2272 1629 rerum
2307 1563 2598 1629 materia
2629 1569 2699 1629 et
2736 1563 3150 1648 substantia,

870 1692 1056 1778 quod
1093 1714 1256 1758 sane
1291 1692 1394 1758 ita
1429 1691 1744 1779 implicat
1781 1690 2188 1774 maximum,
2227 1696 2307 1755 ut
2342 1689 2462 1773 ab,
2500 1689 2601 1773 in,
2638 1712 2822 1774 cum,
2854 1711 2944 1755 ex
2969 1691 3147 1778 ipsc,

737 1815 822 1879 10
865 1818 1035 1884 item
1078 1841 1227 1906 per,
1275 1818 1378 1903 in,
1426 1817 1514 1883 ad
1561 1818 1790 1904 ipsum
1839 1816 1932 1882 sit
1978 1815 2204 1881 omnis
2251 1820 2403 1880 tum
2460 1814 2749 1902 physica
2801 1822 2954 1881 tum
2991 1837 3149 1903 geo-

866 1944 1155 2010 metrica
1188 1944 1616 2030 magnitudo.
1655 1944 1761 2008 24.
1802 1943 1992 2008 Bene
2027 1942 2248 2027 igitur
2286 1948 2497 2027 atque
2533 1947 2690 2008 tuto
2737 1942 2813 2007 in
2857 1943 3149 2029 materia

866 2070 1294 2157 quantitates
1354 2092 1589 2136 omnes
1647 2076 1858 2156 atque
1917 2067 2378 2135 dimensiones
2439 2067 2834 2155 implicatae
2893 2067 3150 2132 intelli-

863 2201 1132 2282 guntur
1174 2194 1572 2261 virtualiter
1618 2200 1741 2260 aut
1785 2193 2182 2275 actualiter,
2227 2197 2309 2257 ut
2354 2197 2459 2258 est
2507 2191 2903 2279 parturiens
2951 2197 3021 2257 et
3067 2197 3148 2257 ut

865 2327 973 2386 est
1006 2320 1311 2408 pariens,
1355 2319 1937 2406 quemadmodum
1983 2325 2178 2384 extra
2222 2318 2559 2386 virtutem
2607 2325 2676 2383 et
2722 2323 2956 2383 actum
2992 2318 3149 2384 uni-

736 2443 818 2508 15
866 2445 1033 2512 tatis
1079 2445 1313 2513 nullus
1355 2450 1461 2511 est
1514 2467 1861 2511 numerus.
1914 2444 2077 2511 Ideo
2128 2466 2270 2509 non
2315 2450 2572 2509 temere
2602 2441 2945 2528 theologi,
2980 2441 3145 2508 dum

865 2570 1471 2659 contemplationis
1510 2570 1743 2637 oculos
1789 2569 1866 2636 in
1912 2569 2142 2658 ipsum
2190 2568 2374 2655 quod
2421 2574 2525 2634 est
2570 2567 2805 2634 omnia
2851 2567 3147 2656 cupiunt

863 2700 1205 2783 attollere,
1239 2721 1365 2786 per
1395 2697 1945 2786 simplicissimae
1962 2696 2502 2782 individuaeque
2534 2695 2846 2762 monadis
2879 2695 3145 2762 coniec-

864 2831 1060 2892 turas
1134 2824 1562 2909 excitantur,
1621 2823 2020 2910 eriguntur,
2086 2821 2529 2907 diriguntur,
2593 2820 3142 2909 perducunftur,
3192 2830 3250 2893 b
3285 2830 3387 2894 Ψῑ·

864 2949 1376 3033 confortantur,
1430 2948 1812 3034 attingunt.
1860 2947 1967 3012 25.
2015 2946 2386 3012 Minimum
2433 2945 2755 3012 sensibile
2801 2969 2886 3012 ex
2930 2948 3147 3035 pluri-

732 3075 820 3139 20
866 3076 995 3143 bus
1032 3073 1401 3140 admodum
1437 3073 1746 3160 physicis
1781 3072 2090 3138 minimis
2129 3095 2275 3138 esse
2319 3070 2777 3158 compositum
2823 3071 3000 3138 bene
3048 3074 3147 3139 di-

868 3202 966 3267 cit
1000 3200 1440 3266 Democritus
1485 3205 1554 3265 et
1590 3196 1935 3290 Epicurei.
1969 3199 2074 3262 26.
2117 3196 2447 3263 Omnium
2484 3218 2850 3283 corporum
2886 3198 2995 3264 vis
3041 3207 3146 3265 est

867 3325 944 3391 in
980 3324 1296 3412 sphaera,
1337 3323 1562 3389 omnis
1608 3322 1940 3410 sphaerae
1983 3322 2092 3389 vis
2138 3327 2241 3387 est
2286 3321 2363 3386 in
2410 3319 2703 3405 circulo,
2749 3322 2975 3388 omnis
3021 3323 3151 3389 cir-

868 3450 1008 3516 culi
1066 3449 1172 3515 vis
1217 3448 1295 3514 in
1342 3455 1607 3530 centro,
1654 3447 1761 3514 vis
1809 3446 2034 3512 omnis
2079 3444 2464 3512 visibilium
2512 3453 2615 3511 est
2660 3446 2739 3511 in
2782 3444 3146 3514 invisibili.

864 3573 1235 3639 Minimum
1274 3572 1668 3658 quantitate
1699 3579 1803 3637 est
1839 3570 2104 3637 virtute
2142 3570 2556 3654 maximum,
2606 3570 2787 3637 sicut
2831 3571 3148 3658 potentia

731 3706 819 3771 25
864 3702 1081 3768 totius
1118 3700 1303 3786 ignis
1340 3699 1416 3764 in
1453 3699 1718 3790 virtute
1750 3697 2093 3765 scintillae
2139 3696 2324 3783 ignis
2372 3696 2506 3762 sita
2555 3703 2674 3762 est.
2722 3698 2810 3762 In
2856 3697 3148 3763 minimo

864 3849 1056 3914 ergo,
1098 3825 1283 3913 quod
1328 3831 1431 3891 est
1478 3824 1963 3891 absconditum
2010 3823 2097 3889 ab
2146 3822 2362 3888 oculis
2410 3822 2751 3908 omnium,
2792 3821 3005 3888 etiam
3042 3846 3144 3889 sa-

865 3954 1184 4042 pientum
1231 3958 1301 4017 et
1345 3952 1639 4017 fortasse
1683 3950 2015 4033 Deorum,
2064 3949 2172 4016 vis
2220 3948 2446 4014 omnis
2506 3955 2636 4031 est;
2706 3948 2859 4014 ideo
2916 3949 3147 4037 ipsum

866 4091 970 4150 est
1016 4080 1397 4147 maximum
1454 4079 1782 4145 omnium.
1846 4079 1951 4142 27.
2003 4078 2300 4164 Propter
2354 4076 2722 4141 minimum
2778 4083 2882 4143 est
2934 4076 3147 4143 maxi-

866 4229 1086 4291 mum,
1126 4212 1196 4271 et
1231 4211 1515 4291 propter
1554 4209 1868 4269 centrum
1907 4208 2010 4268 est
2043 4200 2630 4284 circumferentia,
2664 4201 2725 4266 81
2754 4207 3038 4288 propter
3076 4200 3148 4266 id

733 4349 822 4413 30
866 4362 906 4405 a
945 4359 1082 4423 quo
1130 4340 1295 4402 sunt
1340 4356 1485 4398 esse
1531 4332 1782 4398 debent
1830 4330 2082 4397 omnia.
2130 4330 2236 4408 28.
2277 4329 2554 4394 Μ11111111
2591 4330 2990 4417 explicatio,
3032 4352 3151 4397 seu

867 4466 1089 4533 centri
1125 4465 1202 4531 in
1240 4460 1868 4530 circumferentiam
1907 4458 2265 4549 expansiO,
2313 4457 2670 4543 generatio
2703 4463 2831 4543 est,
2866 4457 3154 4524 circum-
