<?xml version="1.0" encoding="UTF-8"?>
<!DOCTYPE html PUBLIC "-//W3C//DTD XHTML 1.0 Transitional//EN"
    "http://www.w3.org/TR/xhtml1/DTD/xhtml1-transitional.dtd">
<html xmlns="http://www.w3.org/1999/xhtml" xml:lang="en" lang="en">
 <head>
  <title>
</title>
<meta http-equiv="Content-Type" content="text/html;charset=utf-8" />
  <meta name='ocr-system' content='tesseract 3.04.00' />
  <meta name='ocr-capabilities' content='ocr_page ocr_carea ocr_par ocr_line ocrx_word'/>
</head>
<body>
  <div class='ocr_page' id='page_1' title='image "./jordanibruninol00tallgoog_0263.png"; bbox 0 0 3738 5268; ppageno 0'>
   <div class='ocr_carea' id='block_1_1' title="bbox 1378 517 2200 563">
    <p class='ocr_par' dir='ltr' id='par_1_1' title="bbox 1378 517 2200 563">
     <span class='ocr_line' id='line_1_1' title="bbox 1378 517 2200 563; baseline 0 -1"><span class='ocrx_word' id='word_1_1' title='bbox 1378 519 1467 562; x_wconf 79' lang='lat' dir='ltr'>DE</span> <span class='ocrx_word' id='word_1_2' title='bbox 1509 518 1918 563; x_wconf 72' lang='lat' dir='ltr'>INVENTIONE</span> <span class='ocrx_word' id='word_1_3' title='bbox 1957 517 2200 562; x_wconf 74' lang='lat' dir='ltr'>mmm.</span> 
     </span>
    </p>
   </div>
   <div class='ocr_carea' id='block_1_2' title="bbox 500 675 2706 3670">
    <p class='ocr_par' dir='ltr' id='par_1_2' title="bbox 633 675 2706 1110">
     <span class='ocr_line' id='line_1_2' title="bbox 633 675 2446 763; baseline -0.001 -22"><span class='ocrx_word' id='word_1_4' title='bbox 633 677 726 741; x_wconf 87' lang='lat' dir='ltr'>Et</span> <span class='ocrx_word' id='word_1_5' title='bbox 765 681 1061 761; x_wconf 89' lang='lat' dir='ltr'>quatuor</span> <span class='ocrx_word' id='word_1_6' title='bbox 1099 675 1466 762; x_wconf 72' lang='lat' dir='ltr'>quinisque</span> <span class='ocrx_word' id='word_1_7' title='bbox 1505 675 1700 741; x_wconf 85' lang='lat' dir='ltr'>venit</span> <span class='ocrx_word' id='word_1_8' title='bbox 1737 676 2075 763; x_wconf 85' lang='lat' dir='ltr'>producta</span> <span class='ocrx_word' id='word_1_9' title='bbox 2114 677 2223 742; x_wconf 84' lang='lat' dir='ltr'>vel</span> <span class='ocrx_word' id='word_1_10' title='bbox 2261 676 2446 741; x_wconf 87' lang='lat' dir='ltr'>ultra</span> 
     </span>
     <span class='ocr_line' id='line_1_3' title="bbox 636 792 2706 879; baseline -0 -23"><span class='ocrx_word' id='word_1_11' title='bbox 636 792 987 875; x_wconf 76' lang='lat' dir='ltr'>Pluribus,</span> <span class='ocrx_word' id='word_1_12' title='bbox 1028 799 1108 856; x_wconf 91' lang='lat' dir='ltr'>ut</span> <span class='ocrx_word' id='word_1_13' title='bbox 1146 814 1508 856; x_wconf 87' lang='lat' dir='ltr'>numerum</span> <span class='ocrx_word' id='word_1_14' title='bbox 1547 792 1967 878; x_wconf 87' lang='lat' dir='ltr'>amplificata</span> <span class='ocrx_word' id='word_1_15' title='bbox 2006 792 2319 878; x_wconf 77' lang='lat' dir='ltr'>margine</span> <span class='ocrx_word' id='word_1_16' title='bbox 2359 793 2706 879; x_wconf 89' lang='lat' dir='ltr'>complent</span> 
     </span>
     <span class='ocr_line' id='line_1_4' title="bbox 634 906 2233 991; baseline 0.001 -22"><span class='ocrx_word' id='word_1_17' title='bbox 634 906 997 989; x_wconf 78' lang='lat' dir='ltr'>Maiorem3</span> <span class='ocrx_word' id='word_1_18' title='bbox 1039 906 1392 990; x_wconf 86' lang='lat' dir='ltr'>similique</span> <span class='ocrx_word' id='word_1_19' title='bbox 1429 906 1544 971; x_wconf 84' lang='lat' dir='ltr'>via</span> <span class='ocrx_word' id='word_1_20' title='bbox 1584 906 1893 991; x_wconf 87' lang='lat' dir='ltr'>serieque</span> <span class='ocrx_word' id='word_1_21' title='bbox 1931 928 2233 971; x_wconf 76' lang='lat' dir='ltr'>recessus</span> 
     </span>
     <span class='ocr_line' id='line_1_5' title="bbox 635 1022 2481 1110; baseline 0 -23"><span class='ocrx_word' id='word_1_22' title='bbox 635 1023 956 1110; x_wconf 86' lang='lat' dir='ltr'>Corporis</span> <span class='ocrx_word' id='word_1_23' title='bbox 998 1046 1036 1089; x_wconf 88' lang='lat' dir='ltr'>a</span> <span class='ocrx_word' id='word_1_24' title='bbox 1077 1023 1303 1088; x_wconf 89' lang='lat' dir='ltr'>medio</span> <span class='ocrx_word' id='word_1_25' title='bbox 1341 1023 1676 1107; x_wconf 78' lang='lat' dir='ltr'>absumit,</span> <span class='ocrx_word' id='word_1_26' title='bbox 1719 1022 2076 1107; x_wconf 86' lang='lat' dir='ltr'>maiusque</span> <span class='ocrx_word' id='word_1_27' title='bbox 2114 1022 2481 1106; x_wconf 89' lang='lat' dir='ltr'>minusque</span> 
     </span>
    </p>

    <p class='ocr_par' dir='ltr' id='par_1_3' title="bbox 545 1137 2692 1693">
     <span class='ocr_line' id='line_1_6' title="bbox 545 1137 2692 1229; baseline -0.001 -23"><span class='ocrx_word' id='word_1_28' title='bbox 545 1137 585 1199; x_wconf 74' lang='grc' dir='ltr'>ἴ)</span> <span class='ocrx_word' id='word_1_29' title='bbox 635 1141 982 1229; x_wconf 87' lang='lat' dir='ltr'>Supponit</span> <span class='ocrx_word' id='word_1_30' title='bbox 1021 1149 1360 1224; x_wconf 86' lang='lat' dir='ltr'>centrum,</span> <span class='ocrx_word' id='word_1_31' title='bbox 1402 1148 1480 1205; x_wconf 87' lang='lat' dir='ltr'>ut</span> <span class='ocrx_word' id='word_1_32' title='bbox 1516 1141 1745 1227; x_wconf 89' lang='lat' dir='ltr'>ipsum</span> <span class='ocrx_word' id='word_1_33' title='bbox 1785 1147 1891 1205; x_wconf 85' lang='lat' dir='ltr'>est</span> <span class='ocrx_word' id='word_1_34' title='bbox 1928 1140 2287 1224; x_wconf 85' lang='lat' dir='ltr'>maiusque</span> <span class='ocrx_word' id='word_1_35' title='bbox 2325 1140 2692 1225; x_wconf 89' lang='lat' dir='ltr'>minusque</span> 
     </span>
     <span class='ocr_line' id='line_1_7' title="bbox 632 1256 2237 1344; baseline -0.002 -21"><span class='ocrx_word' id='word_1_36' title='bbox 632 1260 716 1323; x_wconf 91' lang='lat' dir='ltr'>In</span> <span class='ocrx_word' id='word_1_37' title='bbox 756 1258 1013 1323; x_wconf 89' lang='lat' dir='ltr'>similes</span> <span class='ocrx_word' id='word_1_38' title='bbox 1053 1257 1392 1343; x_wconf 82' lang='lat' dir='ltr'>siquidem</span> <span class='ocrx_word' id='word_1_39' title='bbox 1434 1262 1667 1344; x_wconf 88' lang='lat' dir='ltr'>partes</span> <span class='ocrx_word' id='word_1_40' title='bbox 1707 1256 1982 1343; x_wconf 89' lang='lat' dir='ltr'>integra</span> <span class='ocrx_word' id='word_1_41' title='bbox 2022 1258 2237 1321; x_wconf 88' lang='lat' dir='ltr'>secari</span> 
     </span>
     <span class='ocr_line' id='line_1_8' title="bbox 633 1372 2632 1460; baseline 0 -23"><span class='ocrx_word' id='word_1_42' title='bbox 633 1373 866 1457; x_wconf 87' lang='lat' dir='ltr'>Atque</span> <span class='ocrx_word' id='word_1_43' title='bbox 903 1396 1103 1460; x_wconf 86' lang='lat' dir='ltr'>pares</span> <span class='ocrx_word' id='word_1_44' title='bbox 1141 1374 1488 1455; x_wconf 86' lang='lat' dir='ltr'>volumus;</span> <span class='ocrx_word' id='word_1_45' title='bbox 1529 1373 1893 1459; x_wconf 88' lang='lat' dir='ltr'>capiesque</span> <span class='ocrx_word' id='word_1_46' title='bbox 1930 1372 2059 1438; x_wconf 90' lang='lat' dir='ltr'>hoc</span> <span class='ocrx_word' id='word_1_47' title='bbox 2097 1372 2337 1438; x_wconf 86' lang='lat' dir='ltr'>ordine</span> <span class='ocrx_word' id='word_1_48' title='bbox 2374 1378 2632 1458; x_wconf 79' lang='lat' dir='ltr'>parteS‚</span> 
     </span>
     <span class='ocr_line' id='line_1_9' title="bbox 638 1487 2431 1565; baseline -0.001 -11"><span class='ocrx_word' id='word_1_49' title='bbox 638 1487 825 1565; x_wconf 82' lang='lat' dir='ltr'>Quae</span> <span class='ocrx_word' id='word_1_50' title='bbox 866 1495 1050 1555; x_wconf 83' lang='lat' dir='ltr'>certo</span> <span class='ocrx_word' id='word_1_51' title='bbox 1089 1512 1375 1554; x_wconf 84' lang='lat' dir='ltr'>numero</span> <span class='ocrx_word' id='word_1_52' title='bbox 1416 1496 1724 1554; x_wconf 74' lang='lat' dir='ltr'>crescant</span> <span class='ocrx_word' id='word_1_53' title='bbox 1764 1496 1832 1554; x_wconf 90' lang='lat' dir='ltr'>et</span> <span class='ocrx_word' id='word_1_54' title='bbox 1869 1489 2431 1554; x_wconf 89' lang='lat' dir='ltr'>subminuantur.</span> 
     </span>
     <span class='ocr_line' id='line_1_10' title="bbox 632 1604 2418 1693; baseline 0 -23"><span class='ocrx_word' id='word_1_55' title='bbox 632 1604 978 1670; x_wconf 79' lang='lat' dir='ltr'>Iudicium</span> <span class='ocrx_word' id='word_1_56' title='bbox 1018 1606 1240 1672; x_wconf 89' lang='lat' dir='ltr'>simile</span> <span class='ocrx_word' id='word_1_57' title='bbox 1280 1615 1413 1688; x_wconf 87' lang='lat' dir='ltr'>est,</span> <span class='ocrx_word' id='word_1_58' title='bbox 1456 1607 1579 1672; x_wconf 91' lang='lat' dir='ltr'>ubi</span> <span class='ocrx_word' id='word_1_59' title='bbox 1619 1607 1711 1671; x_wconf 88' lang='lat' dir='ltr'>sis</span> <span class='ocrx_word' id='word_1_60' title='bbox 1750 1607 2130 1693; x_wconf 86' lang='lat' dir='ltr'>polygonia</span> <span class='ocrx_word' id='word_1_61' title='bbox 2171 1606 2418 1671; x_wconf 83' lang='lat' dir='ltr'>crescit</span> 
     </span>
    </p>

    <p class='ocr_par' dir='ltr' id='par_1_4' title="bbox 502 1718 2512 2252">
     <span class='ocr_line' id='line_1_11' title="bbox 502 1718 2387 1808; baseline 0.004 -29"><span class='ocrx_word' id='word_1_62' title='bbox 502 1718 587 1780; x_wconf 85' lang='lat'>10</span> <span class='ocrx_word' id='word_1_63' title='bbox 631 1720 959 1787; x_wconf 89' lang='lat' dir='ltr'>Partibus</span> <span class='ocrx_word' id='word_1_64' title='bbox 999 1721 1073 1785; x_wconf 89' lang='lat' dir='ltr'>in</span> <span class='ocrx_word' id='word_1_65' title='bbox 1112 1721 1325 1786; x_wconf 85' lang='lat' dir='ltr'>simili</span> <span class='ocrx_word' id='word_1_66' title='bbox 1364 1729 1736 1807; x_wconf 88' lang='lat' dir='ltr'>augmento</span> <span class='ocrx_word' id='word_1_67' title='bbox 1770 1722 2108 1787; x_wconf 82' lang='lat' dir='ltr'>servanda</span> <span class='ocrx_word' id='word_1_68' title='bbox 2146 1724 2387 1808; x_wconf 87' lang='lat' dir='ltr'>figura.</span> 
     </span>
     <span class='ocr_line' id='line_1_12' title="bbox 636 1832 2512 1924; baseline 0.003 -27"><span class='ocrx_word' id='word_1_69' title='bbox 636 1832 771 1898; x_wconf 82' lang='lat' dir='ltr'>Sed</span> <span class='ocrx_word' id='word_1_70' title='bbox 807 1834 1011 1901; x_wconf 83' lang='lat' dir='ltr'>venio</span> <span class='ocrx_word' id='word_1_71' title='bbox 1050 1835 1136 1901; x_wconf 88' lang='lat' dir='ltr'>ad</span> <span class='ocrx_word' id='word_1_72' title='bbox 1176 1838 1470 1921; x_wconf 90' lang='lat' dir='ltr'>cyclum,</span> <span class='ocrx_word' id='word_1_73' title='bbox 1515 1860 1719 1922; x_wconf 89' lang='lat' dir='ltr'>quem</span> <span class='ocrx_word' id='word_1_74' title='bbox 1758 1837 1815 1902; x_wconf 88' lang='lat' dir='ltr'>si</span> <span class='ocrx_word' id='word_1_75' title='bbox 1855 1861 1974 1903; x_wconf 82' lang='lat' dir='ltr'>sex</span> <span class='ocrx_word' id='word_1_76' title='bbox 2012 1838 2329 1924; x_wconf 87' lang='lat' dir='ltr'>partibus</span> <span class='ocrx_word' id='word_1_77' title='bbox 2368 1862 2512 1902; x_wconf 88' lang='lat' dir='ltr'>esse</span> 
     </span>
     <span class='ocr_line' id='line_1_13' title="bbox 640 1947 2371 2037; baseline 0.004 -26"><span class='ocrx_word' id='word_1_78' title='bbox 640 1947 1033 2035; x_wconf 82' lang='lat' dir='ltr'>ConcipiaS,</span> <span class='ocrx_word' id='word_1_79' title='bbox 1073 1972 1248 2036; x_wconf 86' lang='lat' dir='ltr'>gyro</span> <span class='ocrx_word' id='word_1_80' title='bbox 1287 1950 1599 2017; x_wconf 87' lang='lat' dir='ltr'>medians</span> <span class='ocrx_word' id='word_1_81' title='bbox 1639 1951 1745 2016; x_wconf 88' lang='lat' dir='ltr'>illi</span> <span class='ocrx_word' id='word_1_82' title='bbox 1783 1975 1923 2017; x_wconf 91' lang='lat' dir='ltr'>una</span> <span class='ocrx_word' id='word_1_83' title='bbox 1962 1953 2201 2018; x_wconf 87' lang='lat' dir='ltr'>relicta</span> <span class='ocrx_word' id='word_1_84' title='bbox 2242 1961 2371 2037; x_wconf 86' lang='lat' dir='ltr'>est,</span> 
     </span>
     <span class='ocr_line' id='line_1_14' title="bbox 634 2063 2505 2155; baseline 0.004 -27"><span class='ocrx_word' id='word_1_85' title='bbox 634 2063 727 2127; x_wconf 87' lang='lat' dir='ltr'>Et</span> <span class='ocrx_word' id='word_1_86' title='bbox 764 2072 962 2151; x_wconf 84' lang='lat' dir='ltr'>parte</span> <span class='ocrx_word' id='word_1_87' title='bbox 999 2072 1103 2130; x_wconf 88' lang='lat' dir='ltr'>est</span> <span class='ocrx_word' id='word_1_88' title='bbox 1141 2066 1374 2132; x_wconf 89' lang='lat' dir='ltr'>radius</span> <span class='ocrx_word' id='word_1_89' title='bbox 1412 2067 1695 2153; x_wconf 86' lang='lat' dir='ltr'>propria</span> <span class='ocrx_word' id='word_1_90' title='bbox 1735 2090 2178 2155; x_wconf 83' lang='lat' dir='ltr'>comprensus</span> <span class='ocrx_word' id='word_1_91' title='bbox 2218 2069 2291 2134; x_wconf 93' lang='lat' dir='ltr'>in</span> <span class='ocrx_word' id='word_1_92' title='bbox 2330 2094 2505 2153; x_wconf 87' lang='lat' dir='ltr'>una,</span> 
     </span>
     <span class='ocr_line' id='line_1_15' title="bbox 636 2180 2453 2252; baseline 0.004 -7"><span class='ocrx_word' id='word_1_93' title='bbox 636 2180 767 2246; x_wconf 86' lang='lat' dir='ltr'>Cui</span> <span class='ocrx_word' id='word_1_94' title='bbox 804 2182 988 2247; x_wconf 86' lang='lat' dir='ltr'>basis</span> <span class='ocrx_word' id='word_1_95' title='bbox 1027 2190 1129 2247; x_wconf 90' lang='lat' dir='ltr'>est</span> <span class='ocrx_word' id='word_1_96' title='bbox 1169 2183 1477 2248; x_wconf 89' lang='lat' dir='ltr'>medians</span> <span class='ocrx_word' id='word_1_97' title='bbox 1517 2183 1900 2249; x_wconf 89' lang='lat' dir='ltr'>communis</span> <span class='ocrx_word' id='word_1_98' title='bbox 1940 2187 2275 2252; x_wconf 88' lang='lat' dir='ltr'>terminus</span> <span class='ocrx_word' id='word_1_99' title='bbox 2317 2188 2453 2252; x_wconf 87' lang='lat' dir='ltr'>illa.</span> 
     </span>
    </p>

    <p class='ocr_par' dir='ltr' id='par_1_5' title="bbox 503 2297 2612 2853">
     <span class='ocr_line' id='line_1_16' title="bbox 503 2297 2184 2388; baseline 0.005 -29"><span class='ocrx_word' id='word_1_100' title='bbox 503 2298 584 2359; x_wconf 76' lang='lat'>15</span> <span class='ocrx_word' id='word_1_101' title='bbox 633 2297 844 2382; x_wconf 85' lang='lat' dir='ltr'>Sique</span> <span class='ocrx_word' id='word_1_102' title='bbox 884 2298 1275 2384; x_wconf 74' lang='lat' dir='ltr'>integratur</span> <span class='ocrx_word' id='word_1_103' title='bbox 1313 2300 1645 2366; x_wconf 84' lang='lat' dir='ltr'>duodenis</span> <span class='ocrx_word' id='word_1_104' title='bbox 1683 2302 2001 2387; x_wconf 85' lang='lat' dir='ltr'>partibus</span> <span class='ocrx_word' id='word_1_105' title='bbox 2041 2303 2184 2388; x_wconf 86' lang='lat' dir='ltr'>ille,</span> 
     </span>
     <span class='ocr_line' id='line_1_17' title="bbox 633 2413 2612 2507; baseline 0.005 -30"><span class='ocrx_word' id='word_1_106' title='bbox 633 2413 790 2481; x_wconf 83' lang='lat' dir='ltr'>Stat</span> <span class='ocrx_word' id='word_1_107' title='bbox 829 2413 1062 2480; x_wconf 86' lang='lat' dir='ltr'>radius</span> <span class='ocrx_word' id='word_1_108' title='bbox 1099 2416 1424 2501; x_wconf 84' lang='lat' dir='ltr'>geminis,</span> <span class='ocrx_word' id='word_1_109' title='bbox 1459 2423 1699 2502; x_wconf 90' lang='lat' dir='ltr'>terque</span> <span class='ocrx_word' id='word_1_110' title='bbox 1737 2418 1925 2484; x_wconf 84' lang='lat' dir='ltr'>hisce</span> <span class='ocrx_word' id='word_1_111' title='bbox 1964 2419 2038 2484; x_wconf 90' lang='lat' dir='ltr'>in</span> <span class='ocrx_word' id='word_1_112' title='bbox 2076 2421 2389 2507; x_wconf 83' lang='lat' dir='ltr'>margine</span> <span class='ocrx_word' id='word_1_113' title='bbox 2429 2423 2612 2488; x_wconf 88' lang='lat' dir='ltr'>senis</span> 
     </span>
     <span class='ocr_line' id='line_1_18' title="bbox 633 2530 2363 2623; baseline 0.005 -29"><span class='ocrx_word' id='word_1_114' title='bbox 633 2530 999 2597; x_wconf 86' lang='lat' dir='ltr'>Constabit</span> <span class='ocrx_word' id='word_1_115' title='bbox 1037 2531 1308 2598; x_wconf 90' lang='lat' dir='ltr'>radium</span> <span class='ocrx_word' id='word_1_116' title='bbox 1344 2534 1629 2620; x_wconf 88' lang='lat' dir='ltr'>paribus</span> <span class='ocrx_word' id='word_1_117' title='bbox 1670 2557 2081 2622; x_wconf 88' lang='lat' dir='ltr'>consurgere</span> <span class='ocrx_word' id='word_1_118' title='bbox 2120 2539 2363 2623; x_wconf 86' lang='lat' dir='ltr'>ternis,</span> 
     </span>
     <span class='ocr_line' id='line_1_19' title="bbox 638 2646 2458 2739; baseline 0.005 -28"><span class='ocrx_word' id='word_1_119' title='bbox 638 2646 845 2724; x_wconf 82' lang='lat' dir='ltr'>Queis</span> <span class='ocrx_word' id='word_1_120' title='bbox 884 2647 1163 2712; x_wconf 89' lang='lat' dir='ltr'>tandem</span> <span class='ocrx_word' id='word_1_121' title='bbox 1204 2650 1385 2715; x_wconf 87' lang='lat' dir='ltr'>senis</span> <span class='ocrx_word' id='word_1_122' title='bbox 1426 2652 1773 2718; x_wconf 82' lang='lat' dir='ltr'>constabit</span> <span class='ocrx_word' id='word_1_123' title='bbox 1810 2676 2079 2739; x_wconf 89' lang='lat' dir='ltr'>margo;</span> <span class='ocrx_word' id='word_1_124' title='bbox 2122 2661 2227 2720; x_wconf 89' lang='lat' dir='ltr'>tot</span> <span class='ocrx_word' id='word_1_125' title='bbox 2265 2655 2458 2721; x_wconf 88' lang='lat' dir='ltr'>illam</span> 
     </span>
     <span class='ocr_line' id='line_1_20' title="bbox 634 2761 2329 2853; baseline 0.005 -27"><span class='ocrx_word' id='word_1_126' title='bbox 634 2761 987 2828; x_wconf 87' lang='lat' dir='ltr'>Subfulcit</span> <span class='ocrx_word' id='word_1_127' title='bbox 1023 2763 1256 2829; x_wconf 90' lang='lat' dir='ltr'>radius</span> <span class='ocrx_word' id='word_1_128' title='bbox 1294 2767 1640 2852; x_wconf 85' lang='lat' dir='ltr'>protensis</span> <span class='ocrx_word' id='word_1_129' title='bbox 1680 2767 2016 2853; x_wconf 86' lang='lat' dir='ltr'>partibus.</span> <span class='ocrx_word' id='word_1_130' title='bbox 2056 2769 2164 2833; x_wconf 81' lang='lat' dir='ltr'>Ex</span> <span class='ocrx_word' id='word_1_131' title='bbox 2201 2769 2329 2835; x_wconf 88' lang='lat' dir='ltr'>hoe</span> 
     </span>
    </p>

    <p class='ocr_par' dir='ltr' id='par_1_6' title="bbox 500 2876 2559 3438">
     <span class='ocr_line' id='line_1_21' title="bbox 500 2876 2382 2970; baseline 0.006 -30"><span class='ocrx_word' id='word_1_132' title='bbox 500 2876 591 2940; x_wconf 77' lang='lat'>20</span> <span class='ocrx_word' id='word_1_133' title='bbox 637 2877 930 2943; x_wconf 88' lang='lat' dir='ltr'>Cernere</span> <span class='ocrx_word' id='word_1_134' title='bbox 968 2880 1285 2967; x_wconf 86' lang='lat' dir='ltr'>perfacili</span> <span class='ocrx_word' id='word_1_135' title='bbox 1323 2882 1580 2969; x_wconf 89' lang='lat' dir='ltr'>poteris</span> <span class='ocrx_word' id='word_1_136' title='bbox 1618 2883 1914 2966; x_wconf 91' lang='lat' dir='ltr'>ratione,</span> <span class='ocrx_word' id='word_1_137' title='bbox 1956 2893 2125 2970; x_wconf 91' lang='lat' dir='ltr'>quot</span> <span class='ocrx_word' id='word_1_138' title='bbox 2164 2886 2382 2952; x_wconf 87' lang='lat' dir='ltr'>insint</span> 
     </span>
     <span class='ocr_line' id='line_1_22' title="bbox 634 2994 2417 3089; baseline 0.007 -32"><span class='ocrx_word' id='word_1_139' title='bbox 634 2994 719 3057; x_wconf 92' lang='lat' dir='ltr'>In</span> <span class='ocrx_word' id='word_1_140' title='bbox 757 3001 901 3061; x_wconf 88' lang='lat' dir='ltr'>toto</span> <span class='ocrx_word' id='word_1_141' title='bbox 939 3002 1171 3082; x_wconf 79' lang='lat' dir='ltr'>partes</span> <span class='ocrx_word' id='word_1_142' title='bbox 1210 2997 1536 3063; x_wconf 89' lang='lat' dir='ltr'>minimae</span> <span class='ocrx_word' id='word_1_143' title='bbox 1573 2999 2003 3085; x_wconf 85' lang='lat' dir='ltr'>primaeque,</span> <span class='ocrx_word' id='word_1_144' title='bbox 2038 3001 2417 3089; x_wconf 86' lang='lat' dir='ltr'>itidemque</span> 
     </span>
     <span class='ocr_line' id='line_1_23' title="bbox 633 3111 2443 3205; baseline 0.003 -28"><span class='ocrx_word' id='word_1_145' title='bbox 633 3111 783 3188; x_wconf 77' lang='lat' dir='ltr'>Quo</span> <span class='ocrx_word' id='word_1_146' title='bbox 820 3112 1092 3197; x_wconf 88' lang='lat' dir='ltr'>generis</span> <span class='ocrx_word' id='word_1_147' title='bbox 1133 3112 1462 3198; x_wconf 88' lang='lat' dir='ltr'>cuiusque</span> <span class='ocrx_word' id='word_1_148' title='bbox 1500 3123 1878 3201; x_wconf 79' lang='lat' dir='ltr'>exsurgant</span> <span class='ocrx_word' id='word_1_149' title='bbox 1917 3117 2155 3182; x_wconf 82' lang='lat' dir='ltr'>ordine</span> <span class='ocrx_word' id='word_1_150' title='bbox 2191 3126 2443 3205; x_wconf 86' lang='lat' dir='ltr'>partes.</span> 
     </span>
     <span class='ocr_line' id='line_1_24' title="bbox 631 3228 2559 3322; baseline 0.004 -30"><span class='ocrx_word' id='word_1_151' title='bbox 631 3228 853 3312; x_wconf 88' lang='lat' dir='ltr'>Inque</span> <span class='ocrx_word' id='word_1_152' title='bbox 891 3228 1098 3313; x_wconf 89' lang='lat' dir='ltr'>globo</span> <span class='ocrx_word' id='word_1_153' title='bbox 1139 3230 1410 3316; x_wconf 87' lang='lat' dir='ltr'>capitur</span> <span class='ocrx_word' id='word_1_154' title='bbox 1446 3254 1570 3318; x_wconf 89' lang='lat' dir='ltr'>per</span> <span class='ocrx_word' id='word_1_155' title='bbox 1608 3239 1920 3298; x_wconf 87' lang='lat' dir='ltr'>centrum</span> <span class='ocrx_word' id='word_1_156' title='bbox 1960 3235 2300 3301; x_wconf 85' lang='lat' dir='ltr'>maximus</span> <span class='ocrx_word' id='word_1_157' title='bbox 2341 3238 2559 3322; x_wconf 85' lang='lat' dir='ltr'>orbis,</span> 
     </span>
     <span class='ocr_line' id='line_1_25' title="bbox 634 3344 2249 3438; baseline 0.006 -30"><span class='ocrx_word' id='word_1_158' title='bbox 634 3344 790 3409; x_wconf 94' lang='lat' dir='ltr'>Uno</span> <span class='ocrx_word' id='word_1_159' title='bbox 830 3344 1022 3409; x_wconf 89' lang='lat' dir='ltr'>cuius</span> <span class='ocrx_word' id='word_1_160' title='bbox 1057 3345 1188 3410; x_wconf 88' lang='lat' dir='ltr'>erit</span> <span class='ocrx_word' id='word_1_161' title='bbox 1228 3347 1516 3414; x_wconf 85' lang='lat' dir='ltr'>minimo</span> <span class='ocrx_word' id='word_1_162' title='bbox 1557 3349 1755 3414; x_wconf 88' lang='lat' dir='ltr'>finire</span> <span class='ocrx_word' id='word_1_163' title='bbox 1793 3351 2249 3438; x_wconf 78' lang='lat' dir='ltr'>profundum,</span> 
     </span>
    </p>

    <p class='ocr_par' dir='ltr' id='par_1_7' title="bbox 502 3458 2553 3670">
     <span class='ocr_line' id='line_1_26' title="bbox 502 3458 2553 3555; baseline 0.008 -36"><span class='ocrx_word' id='word_1_164' title='bbox 502 3458 587 3520; x_wconf 74' lang='lat'>25</span> <span class='ocrx_word' id='word_1_165' title='bbox 634 3459 728 3523; x_wconf 87' lang='lat' dir='ltr'>Et</span> <span class='ocrx_word' id='word_1_166' title='bbox 765 3460 958 3525; x_wconf 90' lang='lat' dir='ltr'>cuius</span> <span class='ocrx_word' id='word_1_167' title='bbox 997 3484 1360 3527; x_wconf 87' lang='lat' dir='ltr'>numerum</span> <span class='ocrx_word' id='word_1_168' title='bbox 1397 3465 1582 3550; x_wconf 85' lang='lat' dir='ltr'>potis</span> <span class='ocrx_word' id='word_1_169' title='bbox 1615 3489 1684 3530; x_wconf 84' lang='lat' dir='ltr'>es</span> <span class='ocrx_word' id='word_1_170' title='bbox 1721 3465 2151 3552; x_wconf 85' lang='lat' dir='ltr'>distinguere</span> <span class='ocrx_word' id='word_1_171' title='bbox 2190 3470 2431 3555; x_wconf 85' lang='lat' dir='ltr'>plane,</span> <span class='ocrx_word' id='word_1_172' title='bbox 2475 3479 2553 3535; x_wconf 82' lang='lat' dir='ltr'>ut</span> 
     </span>
     <span class='ocr_line' id='line_1_27' title="bbox 634 3574 2331 3670; baseline 0.008 -32"><span class='ocrx_word' id='word_1_173' title='bbox 634 3574 947 3660; x_wconf 87' lang='lat' dir='ltr'>Margine</span> <span class='ocrx_word' id='word_1_174' title='bbox 986 3577 1114 3641; x_wconf 89' lang='lat' dir='ltr'>sub</span> <span class='ocrx_word' id='word_1_175' title='bbox 1155 3585 1339 3641; x_wconf 88' lang='lat' dir='ltr'>certa</span> <span class='ocrx_word' id='word_1_176' title='bbox 1379 3586 1597 3644; x_wconf 84' lang='lat' dir='ltr'>certas</span> <span class='ocrx_word' id='word_1_177' title='bbox 1635 3580 1844 3646; x_wconf 89' lang='lat' dir='ltr'>habet</span> <span class='ocrx_word' id='word_1_178' title='bbox 1885 3605 2041 3647; x_wconf 87' lang='lat' dir='ltr'>area</span> <span class='ocrx_word' id='word_1_179' title='bbox 2079 3592 2331 3670; x_wconf 86' lang='lat' dir='ltr'>partes.</span> 
     </span>
    </p>
   </div>
   <div class='ocr_carea' id='block_1_3' title="bbox 633 3691 2363 3894">
    <p class='ocr_par' dir='ltr' id='par_1_8' title="bbox 633 3691 2363 3894">
     <span class='ocr_line' id='line_1_28' title="bbox 633 3691 2273 3777; baseline 0.006 -23"><span class='ocrx_word' id='word_1_180' title='bbox 633 3691 803 3755; x_wconf 86' lang='lat' dir='ltr'>Inde</span> <span class='ocrx_word' id='word_1_181' title='bbox 840 3693 1074 3777; x_wconf 88' lang='lat' dir='ltr'>polum</span> <span class='ocrx_word' id='word_1_182' title='bbox 1115 3716 1349 3757; x_wconf 88' lang='lat' dir='ltr'>versus</span> <span class='ocrx_word' id='word_1_183' title='bbox 1388 3694 1782 3761; x_wconf 85' lang='lat' dir='ltr'>decrescens</span> <span class='ocrx_word' id='word_1_184' title='bbox 1821 3698 2049 3762; x_wconf 87' lang='lat' dir='ltr'>orbita</span> <span class='ocrx_word' id='word_1_185' title='bbox 2090 3700 2273 3764; x_wconf 89' lang='lat' dir='ltr'>senis</span> 
     </span>
     <span class='ocr_line' id='line_1_29' title="bbox 633 3798 2363 3894; baseline 0.006 -32"><span class='ocrx_word' id='word_1_186' title='bbox 633 3798 982 3865; x_wconf 88' lang='lat' dir='ltr'>Continuo</span> <span class='ocrx_word' id='word_1_187' title='bbox 1021 3807 1305 3865; x_wconf 87' lang='lat' dir='ltr'>tenuata</span> <span class='ocrx_word' id='word_1_188' title='bbox 1343 3801 1537 3865; x_wconf 89' lang='lat' dir='ltr'>venit</span> <span class='ocrx_word' id='word_1_189' title='bbox 1577 3803 2019 3891; x_wconf 80' lang='lat' dir='ltr'>quoadusque</span> <span class='ocrx_word' id='word_1_190' title='bbox 2056 3807 2363 3894; x_wconf 69' lang='lat' dir='ltr'>polarein</span> 
     </span>
    </p>
   </div>
   <div class='ocr_carea' id='block_1_4' title="bbox 499 3915 2601 4357">
    <p class='ocr_par' dir='ltr' id='par_1_9' title="bbox 499 3915 2513 4126">
     <span class='ocr_line' id='line_1_30' title="bbox 631 3915 2513 4009; baseline 0.006 -30"><span class='ocrx_word' id='word_1_191' title='bbox 631 3915 1016 4001; x_wconf 88' lang='lat' dir='ltr'>Contingat</span> <span class='ocrx_word' id='word_1_192' title='bbox 1048 3917 1408 3980; x_wconf 89' lang='lat' dir='ltr'>monadem</span> <span class='ocrx_word' id='word_1_193' title='bbox 1445 3917 1621 3982; x_wconf 85' lang='lat' dir='ltr'>facie</span> <span class='ocrx_word' id='word_1_194' title='bbox 1660 3926 2109 4005; x_wconf 85' lang='lat' dir='ltr'>centrumque</span> <span class='ocrx_word' id='word_1_195' title='bbox 2149 3925 2513 4009; x_wconf 75' lang='lat' dir='ltr'>profundo.</span> 
     </span>
     <span class='ocr_line' id='line_1_31' title="bbox 499 4032 2335 4126; baseline 0.005 -30"><span class='ocrx_word' id='word_1_196' title='bbox 499 4035 588 4098; x_wconf 80' lang='lat'>30</span> <span class='ocrx_word' id='word_1_197' title='bbox 635 4032 748 4096; x_wconf 89' lang='lat' dir='ltr'>Sic</span> <span class='ocrx_word' id='word_1_198' title='bbox 789 4032 959 4097; x_wconf 87' lang='lat' dir='ltr'>certi</span> <span class='ocrx_word' id='word_1_199' title='bbox 997 4033 1279 4099; x_wconf 87' lang='lat' dir='ltr'>canonis</span> <span class='ocrx_word' id='word_1_200' title='bbox 1319 4035 1564 4098; x_wconf 87' lang='lat' dir='ltr'>crescit</span> <span class='ocrx_word' id='word_1_201' title='bbox 1604 4059 2073 4122; x_wconf 84' lang='lat' dir='ltr'>quaecumque</span> <span class='ocrx_word' id='word_1_202' title='bbox 2114 4040 2335 4126; x_wconf 85' lang='lat' dir='ltr'>figura</span> 
     </span>
    </p>

    <p class='ocr_par' dir='ltr' id='par_1_10' title="bbox 633 4147 2601 4239">
     <span class='ocr_line' id='line_1_32' title="bbox 633 4147 2601 4239; baseline 0.007 -28"><span class='ocrx_word' id='word_1_203' title='bbox 633 4148 965 4233; x_wconf 79' lang='lat' dir='ltr'>LegibuS,</span> <span class='ocrx_word' id='word_1_204' title='bbox 1007 4147 1082 4212; x_wconf 90' lang='lat' dir='ltr'>in</span> <span class='ocrx_word' id='word_1_205' title='bbox 1121 4148 1622 4236; x_wconf 88' lang='lat' dir='ltr'>minimumque</span> <span class='ocrx_word' id='word_1_206' title='bbox 1664 4153 1899 4218; x_wconf 85' lang='lat' dir='ltr'>eadem</span> <span class='ocrx_word' id='word_1_207' title='bbox 1940 4161 2298 4239; x_wconf 86' lang='lat' dir='ltr'>tenuatur,</span> <span class='ocrx_word' id='word_1_208' title='bbox 2341 4165 2416 4222; x_wconf 84' lang='lat' dir='ltr'>ut</span> <span class='ocrx_word' id='word_1_209' title='bbox 2456 4160 2601 4224; x_wconf 89' lang='lat' dir='ltr'>eius</span> 
     </span>
    </p>

    <p class='ocr_par' dir='ltr' id='par_1_11' title="bbox 633 4264 2530 4357">
     <span class='ocr_line' id='line_1_33' title="bbox 633 4264 2530 4357; baseline 0.006 -30"><span class='ocrx_word' id='word_1_210' title='bbox 633 4264 986 4329; x_wconf 88' lang='lat' dir='ltr'>Dimetrus</span> <span class='ocrx_word' id='word_1_211' title='bbox 1026 4272 1128 4330; x_wconf 87' lang='lat' dir='ltr'>est</span> <span class='ocrx_word' id='word_1_212' title='bbox 1167 4275 1330 4331; x_wconf 82' lang='lat' dir='ltr'>nota</span> <span class='ocrx_word' id='word_1_213' title='bbox 1368 4275 1488 4331; x_wconf 87' lang='lat' dir='ltr'>aut</span> <span class='ocrx_word' id='word_1_214' title='bbox 1525 4268 1819 4333; x_wconf 87' lang='lat' dir='ltr'>laterum</span> <span class='ocrx_word' id='word_1_215' title='bbox 1860 4272 2287 4357; x_wconf 85' lang='lat' dir='ltr'>comprensio</span> <span class='ocrx_word' id='word_1_216' title='bbox 2328 4281 2530 4338; x_wconf 88' lang='lat' dir='ltr'>certa.</span> 
     </span>
    </p>
   </div>
   <div class='ocr_carea' id='block_1_5' title="bbox 2946 1129 3236 1207">
    <p class='ocr_par' dir='ltr' id='par_1_12' title="bbox 2946 1129 3236 1207">
     <span class='ocr_line' id='line_1_34' title="bbox 2946 1129 3236 1207; baseline -0.01 -14"><span class='ocrx_word' id='word_1_217' title='bbox 2946 1147 3029 1207; x_wconf 84' lang='lat' dir='ltr'>p.</span> <span class='ocrx_word' id='word_1_218' title='bbox 3061 1129 3236 1193; x_wconf 83' lang='lat'>101</span> 
     </span>
    </p>
   </div>
   <div class='ocr_carea' id='block_1_6' title="bbox 2871 1284 2924 1324">
    <p class='ocr_par' dir='ltr' id='par_1_13' title="bbox 2871 1284 2924 1324">
     <span class='ocr_line' id='line_1_35' title="bbox 2871 1284 2924 1324; baseline -0.019 0"><span class='ocrx_word' id='word_1_219' title='bbox 2871 1284 2924 1324; x_wconf 81' lang='lat'>65</span> 
     </span>
    </p>
   </div>
   <div class='ocr_carea' id='block_1_7' title="bbox 2872 1868 2926 1904">
    <p class='ocr_par' dir='ltr' id='par_1_14' title="bbox 2872 1868 2926 1904">
     <span class='ocr_line' id='line_1_36' title="bbox 2872 1868 2926 1904; baseline 0 0"><span class='ocrx_word' id='word_1_220' title='bbox 2872 1868 2926 1904; x_wconf 77' lang='lat'>70</span> 
     </span>
    </p>
   </div>
   <div class='ocr_carea' id='block_1_8' title="bbox 2868 2453 2921 2492">
    <p class='ocr_par' dir='ltr' id='par_1_15' title="bbox 2868 2453 2921 2492">
     <span class='ocr_line' id='line_1_37' title="bbox 2868 2453 2921 2492; baseline -0.019 0"><span class='ocrx_word' id='word_1_221' title='bbox 2868 2453 2921 2492; x_wconf 74' lang='lat'>“15</span> 
     </span>
    </p>
   </div>
   <div class='ocr_carea' id='block_1_9' title="bbox 2866 3037 2919 3075">
    <p class='ocr_par' dir='ltr' id='par_1_16' title="bbox 2866 3037 2919 3075">
     <span class='ocr_line' id='line_1_38' title="bbox 2866 3037 2919 3075; baseline -0.019 0"><span class='ocrx_word' id='word_1_222' title='bbox 2866 3037 2919 3075; x_wconf 82' lang='lat'>80</span> 
     </span>
    </p>
   </div>
   <div class='ocr_carea' id='block_1_10' title="bbox 2866 3619 2918 3656">
    <p class='ocr_par' dir='ltr' id='par_1_17' title="bbox 2866 3619 2918 3656">
     <span class='ocr_line' id='line_1_39' title="bbox 2866 3619 2918 3656; baseline 0 0"><span class='ocrx_word' id='word_1_223' title='bbox 2866 3619 2918 3656; x_wconf 69' lang='lat'>85</span> 
     </span>
    </p>
   </div>
   <div class='ocr_carea' id='block_1_11' title="bbox 2865 4193 2916 4228">
    <p class='ocr_par' dir='ltr' id='par_1_18' title="bbox 2865 4193 2916 4228">
     <span class='ocr_line' id='line_1_40' title="bbox 2865 4193 2916 4228; baseline 0 0"><span class='ocrx_word' id='word_1_224' title='bbox 2865 4193 2916 4228; x_wconf 73' lang='lat'>90</span> 
     </span>
    </p>
   </div>
   <div class='ocr_carea' id='block_1_12' title="bbox 795 4406 3226 4493">
    <p class='ocr_par' dir='ltr' id='par_1_19' title="bbox 795 4406 3226 4493">
     <span class='ocr_line' id='line_1_41' title="bbox 795 4406 3226 4493; baseline 0.007 -28"><span class='ocrx_word' id='word_1_225' title='bbox 795 4406 1027 4478; x_wconf 81' lang='lat' dir='ltr'>Quibus</span> <span class='ocrx_word' id='word_1_226' title='bbox 1063 4408 1259 4467; x_wconf 86' lang='lat' dir='ltr'>minus</span> <span class='ocrx_word' id='word_1_227' title='bbox 1297 4410 1450 4470; x_wconf 86' lang='lat' dir='ltr'>bene</span> <span class='ocrx_word' id='word_1_228' title='bbox 1489 4411 1737 4488; x_wconf 79' lang='lat' dir='ltr'>provisa</span> <span class='ocrx_word' id='word_1_229' title='bbox 1771 4421 1832 4472; x_wconf 87' lang='lat' dir='ltr'>et</span> <span class='ocrx_word' id='word_1_230' title='bbox 1876 4414 2195 4492; x_wconf 81' lang='lat' dir='ltr'>explorata</span> <span class='ocrx_word' id='word_1_231' title='bbox 2238 4413 2465 4475; x_wconf 81' lang='lat' dir='ltr'>fuerint</span> <span class='ocrx_word' id='word_1_232' title='bbox 2520 4416 2911 4478; x_wconf 82' lang='lat' dir='ltr'>scientiarum</span> <span class='ocrx_word' id='word_1_233' title='bbox 2933 4419 3226 4493; x_wconf 75' lang='lat' dir='ltr'>p.102</span> 
     </span>
    </p>
   </div>
   <div class='ocr_carea' id='block_1_13' title="bbox 636 4525 2915 4613">
    <p class='ocr_par' dir='ltr' id='par_1_20' title="bbox 636 4525 2915 4613">
     <span class='ocr_line' id='line_1_42' title="bbox 636 4525 2915 4613; baseline 0.008 -33"><span class='ocrx_word' id='word_1_234' title='bbox 636 4525 951 4606; x_wconf 83' lang='lat' dir='ltr'>principia,</span> <span class='ocrx_word' id='word_1_235' title='bbox 984 4525 1170 4586; x_wconf 83' lang='lat' dir='ltr'>iidem</span> <span class='ocrx_word' id='word_1_236' title='bbox 1201 4535 1506 4606; x_wconf 84' lang='lat' dir='ltr'>tamquam</span> <span class='ocrx_word' id='word_1_237' title='bbox 1542 4550 1615 4590; x_wconf 86' lang='lat' dir='ltr'>ex</span> <span class='ocrx_word' id='word_1_238' title='bbox 1649 4549 1765 4592; x_wconf 89' lang='lat' dir='ltr'>uno</span> <span class='ocrx_word' id='word_1_239' title='bbox 1801 4532 2027 4591; x_wconf 84' lang='lat' dir='ltr'>erroris</span> <span class='ocrx_word' id='word_1_240' title='bbox 2057 4533 2274 4613; x_wconf 84' lang='lat' dir='ltr'>capite,</span> <span class='ocrx_word' id='word_1_241' title='bbox 2313 4533 2398 4595; x_wconf 82' lang='lat' dir='ltr'>ita</span> <span class='ocrx_word' id='word_1_242' title='bbox 2428 4535 2651 4594; x_wconf 84' lang='lat' dir='ltr'>sensim</span> <span class='ocrx_word' id='word_1_243' title='bbox 2681 4536 2743 4594; x_wconf 89' lang='lat' dir='ltr'>in</span> <span class='ocrx_word' id='word_1_244' title='bbox 2772 4537 2915 4598; x_wconf 87' lang='lat' dir='ltr'>den·</span> 
     </span>
    </p>
   </div>
  </div>
 </body>
</html>
