3738 5268
1261 507 1898 553 CONTEMPLATIONES
1940 508 2030 552 Ex
2070 510 2333 556 nmmo,
2817 501 2935 558 223

648 664 1057 729 Extremum
1087 663 1346 750 tangit,
1389 686 1544 729 cum
1585 664 1716 730 toti
1756 686 2145 751 congeneae
2182 666 2435 734 haeret.

647 780 881 865 Atque
913 779 1014 844 ita
1052 801 1194 844 11011
1229 778 1413 866 potis
1452 785 1554 844 est
1591 786 1850 845 rectam
1884 803 2189 867 unquam
2229 782 2577 870 attingere
2615 806 2852 869 curva,

649 895 846 962 Illius
887 903 958 960 at
992 894 1318 980 quiddam
1351 904 1421 960 et
1455 895 1781 981 quiddam
1821 895 2049 981 istius3
2092 898 2254 964 inde
2292 922 2420 965 neo
2458 900 2604 988 ipse

650 1014 1016 1080 Terminus
1055 1020 1158 1079 est
1195 1020 1489 1100 tangens
1521 1013 1728 1079 istam
1768 1013 1975 1079 simul
2006 1038 2186 1081 unus
2219 1023 2287 1081 et
2326 1016 2545 1105 illam,

558 1122 600 1188 ὅ
647 1130 747 1195 At
784 1152 948 1196 vero
988 1136 1092 1194 est
1129 1128 1204 1194 in
1243 1150 1377 1214 quo
1417 1152 1488 1193 se
1526 1129 1889 1215 attingunt
1927 1130 2063 1195 ista
2097 1131 2434 1215 vicissim3
2887 1162 2936 1201 10

655 1243 1224 1329 Quandoquidem
1265 1251 1568 1310 extremo
1602 1267 1708 1310 res
1746 1266 1891 1310 rem
1931 1246 2332 1333 contingere
2372 1245 2558 1313 dicta
2596 1254 2719 1313 est.

650 1362 963 1428 Extremi
1001 1385 1163 1428 vero
1201 1369 1584 1428 extremum
1618 1362 1676 1429 si
1708 1363 1936 1429 dicere
1972 1363 2256 1431 adorsus

649 1480 750 1545 Mi
781 1478 1018 1562 fueris„
1058 1501 1417 1565 nunquam
1453 1479 1809 1546 infinitum
1847 1480 2089 1546 sistere
2128 1503 2402 1547 cursum

647 1596 1008 1682 AddisceS,
1046 1596 1207 1682 quia
1247 1603 1408 1662 sunt
1446 1596 1738 1662 extremi
1776 1603 2082 1662 extrema.
2122 1597 2442 1682 subinde,

517 1704 603 1767 10
652 1712 839 1790 Quae
879 1719 1182 1779 extremo
1223 1719 1518 1798 tangant
1557 1712 1740 1799 quod
1779 1735 2052 1779 rursum
2089 1720 2338 1800 tangat
2375 1713 2713 1802 idemque.
2886 1744 2938 1784 ιε.

803 1921 1064 2001 Proprie
1099 1920 1405 2000 loquendo
1440 1921 1662 1982 lineam
1697 1929 1952 1999 tangere
1987 1931 2277 2002 punctum
2302 1943 2426 1984 non
2447 1924 2738 1986 dicemus.
2779 1926 2937 1999 Quo-

649 2038 767 2099 ties
811 2038 972 2099 enim
1027 2045 1364 2098 extremum
1408 2037 1604 2098 lineae
1641 2038 1818 2099 unius
1861 2038 2118 2101 alterius
2173 2039 2371 2101 lineae
2430 2047 2766 2102 extremum
2810 2050 2939 2103 tan-

647 2174 796 2235 gere
830 2155 1052 2215 dicitur
1086 2162 1192 2215 aut
1222 2155 1485 2234 planum,
1511 2154 1734 2215 lineam
1771 2163 2043 2216 extremo
2084 2156 2343 2217 alteram
2371 2156 2599 2218 lineam
2627 2158 2936 2235 attingere

648 2274 922 2337 securius
959 2273 1212 2351 dixeriS,
1250 2273 1352 2332 ubi
1387 2291 1584 2349 neque
1619 2281 1858 2333 atomus
1892 2274 2094 2351 tangit
2126 2282 2401 2336 atomum·
2426 2295 2539 2354 per
2560 2295 2651 2350 se,
2694 2276 2831 2355 sed,
2872 2286 2940 2339 ut

518 2390 600 2454 15
648 2391 708 2451 in
740 2390 1160 2470 superioribus
1192 2398 1289 2451 est
1311 2389 1556 2467 dictum,
1586 2389 1848 2450 termino
1871 2391 2031 2451 inter
2053 2399 2345 2469 punctum
2367 2392 2548 2452 unius
2582 2399 2645 2453 et
2679 2393 2934 2455 alterius

648 2506 982 2585 mediante,
1022 2506 1137 2566 hoc
1179 2513 1275 2566 est
1323 2524 1433 2584 per
1477 2505 1763 2567 accidens
1809 2526 1921 2566 seu
1975 2526 2087 2585 per
2141 2507 2306 2567 aliud
2363 2508 2679 2585 quiddam3
2741 2529 2937 2587 neque

648 2623 788 2685 finis
822 2624 1032 2702 finem,
1068 2623 1363 2685 terminus
1409 2624 1733 2685 terminum
1779 2624 2006 2703 tangit,
2044 2625 2097 2686 si
2150 2625 2225 2687 de
2281 2634 2500 2687 natura
2540 2626 2782 2688 termini
2819 2647 2940 2687 000

649 2749 746 2803 est
781 2761 916 2802 esse
954 2741 1146 2819 quod,
1183 2742 1296 2801 sed
1334 2759 1450 2816 quo
1489 2740 1594 2801 flat
1627 2743 1900 2803 attactiO.
1939 2741 2040 2803 Sic
2089 2743 2252 2804 linea
2289 2745 2470 2824 (quae
2513 2744 2759 2805 minima
2792 2764 2938 2824 pars

648 2856 994 2918 latitudinis
1043 2858 1164 2937 est)
1216 2877 1325 2918 suo
1369 2858 1630 2918 termino
1674 2858 1936 2919 termino
1995 2859 2250 2921 alterius
2302 2860 2503 2921 lineae
2556 2860 2932 2940 applicatur,

517 2976 606 3041 20
652 2995 787 3036 cum
821 2976 981 3036 inter
1017 2976 1277 3036 alterum
1311 2982 1375 3035 et
1409 2975 1664 3036 alteram
1708 2976 1877 3036 nulla
1918 2977 2263 3038 latitudinis
2305 2997 2451 3057 pars
2493 2978 2762 3041 mediare
2806 3000 2940 3041 con-

652 3093 895 3171 cipitur.
931 3093 1046 3152 Est
1089 3090 1276 3170 igitur
1311 3100 1514 3153 tactus
1556 3094 1766 3171 puncti
1821 3114 1956 3153 cum
2008 3102 2261 3171 punct0,
2298 3095 2541 3156 minime
2577 3103 2778 3156 autem
2821 3103 2940 3157 ter-

652 3207 825 3286 mini,
863 3207 971 3269 sed
1001 3209 1287 3281 termin0‚
1325 3228 1516 3286 eoque
1560 3208 1812 3288 duplici,
1861 3216 1925 3270 et
1965 3209 2083 3270 hoc
2124 3209 2414 3272 videlicet
2446 3232 2565 3289 quo
2614 3220 2936 3290 utrumque

655 3325 1160 3386 conterminabile
1194 3326 1435 3403 finitur,
1472 3333 1534 3385 et
1566 3326 1683 3385 hoc
1717 3325 1779 3385 in
1813 3346 1931 3403 quo
1967 3327 2364 3388 terminorum
2397 3328 2657 3390 efficitur
2692 3350 2936 3391 concur·

653 3462 778 3502 sus.
816 3440 966 3501 Cum
1001 3441 1225 3521 quippe
1262 3441 1516 3501 duorum
1552 3460 1620 3502 30
1656 3442 2137 3519 contingentium
2173 3444 2414 3504 termini
2441 3466 2563 3507 non
2596 3447 2721 3508 sint
2752 3466 2935 3507 unum

517 3565 602 3628 25
650 3559 1024 3630 continuum,
1061 3575 1438 3635 consequens
1476 3565 1572 3618 est
1599 3558 1759 3619 inter
1790 3566 2109 3635 utramque
2145 3561 2531 3641 superficiem
2553 3563 2935 3625 individuum

649 3674 920 3735 mediare
964 3674 1267 3754 spacium,
1315 3674 1477 3750 quod
1511 3675 1689 3735 inane
1726 3676 2086 3754 corporibus
2118 3677 2507 3738 interiectum
2543 3679 2933 3744 Democritus

649 3792 1017 3871 appellavit3
1076 3790 1237 3869 quod
1285 3791 1468 3871 plane
1527 3792 1689 3851 inter
1728 3811 2118 3869 quascunque
2162 3795 2717 3873 (quantumcunque
2761 3807 2929 3859 arcte

652 3909 1037 3988 concurrant)
1064 3916 1300 3970 atomos
1327 3917 1572 3988 oportet
1607 3909 1894 3988 mediare,
1934 3910 2093 3971 sicut
2135 3919 2472 3973 extremum
2503 3914 2683 3975 unius
2717 3915 2795 3974 ab
2840 3935 2936 3975 ex-

652 4037 846 4090 tremo
901 4028 1153 4088 alterius
1204 4034 1301 4088 est
1346 4028 1732 4106 distinctum,
1772 4037 1834 4089 et
1877 4037 2123 4108 praeter
2165 4030 2367 4109 ipsum
2406 4032 2715 4112 insectile,
2763 4035 2935 4096 cuius

519 4155 607 4219 30
655 4165 775 4206 000
810 4145 934 4205 ulla
964 4152 1061 4205 est
1088 4165 1256 4225 pars,
1287 4145 1442 4205 nihil
1480 4164 1627 4206 vere
1662 4146 2013 4206 continuum
2046 4147 2252 4225 possis
2285 4146 2653 4225 intelligere.

815 4275 848 4320 “H
898 4270 990 4327 12.
1032 4269 1125 4327 Ea
1160 4286 1306 4327 vero
1343 4267 1563 4345 quibus
1598 4266 1804 4344 aliqua
1838 4287 1905 4328 se
1940 4268 2275 4348 attingunt,
2307 4270 2360 4331 si
2390 4270 2526 4347 quis
2554 4271 2752 4332 adhuc
2785 4273 2938 4333 velit

660 4432 698 4437 —
737 4433 760 4436 -ῐ
793 4432 808 4436 ·
849 4432 1014 4436 -——j--
1085 4433 1094 4436 -
1139 4435 1186 4436 j
1271 4435 1342 4438 ΫΫὛ
1389 4435 1402 4438 -
1539 4437 1592 4438 κὴ
1627 4435 1712 4439 ᾼ*
1751 4436 1766 4439 0
1801 4436 1917 4439 κί’-ψ
2122 4439 2245 4446 ---.
2286 4440 2916 4447 --ᾲῃ-ἧΠ-,ψι-

838 4522 865 4568 1
902 4521 1245 4590 congeneae]
1272 4519 1346 4571 εἰσ
1475 4523 1537 4573 13
1568 4523 1779 4574 lineam
1806 4522 2084 4593 extremo]
2114 4524 2265 4577 linea
2292 4531 2517 4577 extemo
