3738 5268
1085 504 1174 547 m:
1213 504 1566 549 Pssmcmns
1607 505 1966 551 nmsvssffl
2007 506 2092 550 m·
2134 505 2447 552 mevam.
2790 495 2903 553 281

622 659 820 724 Illius
859 683 896 724 e
934 659 1133 725 tectis
1171 659 1535 747 Hebesque
1570 683 1694 749 per
1730 660 1912 726 atria
1948 661 2199 727 Vestae

622 777 909 864 Templa
946 777 1161 859 subit,
1199 776 1639 863 mediumque
1675 777 1873 843 illinc
1910 779 2268 845 contendit
2304 780 2378 844 in
2418 781 2681 866 orbem,
2851 813 2904 850 .ιο

621 891 823 960 Unde
861 892 972 957 dei
1011 892 1318 979 Scythici
1359 893 1792 979 contingitur
1830 916 1949 960 ara
1988 895 2367 974 zamolxis‚

624 1008 772 1086 Qua
809 1009 1121 1074 breviore
1158 1009 1389 1075 focum
1427 1017 1655 1075 tractu
1693 1010 2195 1097 propriumque
2232 1012 2492 1078 revisit.

528 1123 571 1186 5
619 1126 815 1190 Tunc
853 1125 1046 1190 iubet
1085 1133 1162 1190 ut
1199 1126 1449 1190 Vestae
1486 1125 1601 1190 via
1639 1132 1826 1191 recta
1864 1125 1957 1191 sit
1994 1127 2186 1193 Kaos
2224 1150 2466 1212 usque,

615 1240 894 1306 Defluat
931 1263 1105 1325 eque
1141 1241 1331 1306 Kaos
1369 1240 1694 1328 frigentis
1735 1242 1822 1308 ad
1859 1264 1978 1309 ora
2018 1243 2383 1309 Zamolxis.

613 1356 804 1421 Haec
839 1356 1115 1441 linquat
1153 1356 1437 1443 cupiens
1477 1356 1823 1444 attingere
1863 1358 2163 1424 claustra
2205 1358 2501 1444 Quietis,
2847 1390 2901 1430 <15

613 1472 706 1536 Et
744 1471 1044 1559 propriis
1081 1473 1361 1537 tandem
1397 1472 1659 1539 laribus
1697 1473 1824 1539 dea
1860 1474 2072 1540 Vesta
2111 1472 2405 1541 fruatur.

610 1587 1137 1675 Euphrosynen]
1176 1595 1244 1653 et
1282 1589 1608 1655 Bacchim
1642 1590 1811 1677 Spes
1851 1597 1919 1656 et
1956 1591 2385 1657 Rhamnusia
2423 1592 2630 1658 rectis

482 1709 568 1772 10
611 1704 998 1791 Attingunt
1035 1705 1329 1791 semitiS‚
1370 1728 1546 1792 gyro
1585 1706 2110 1791 inscribuntque
2150 1706 2589 1792 quadratum,

609 1820 855 1905 Adque
893 1820 1042 1887 vias
1082 1827 1405 1906 quatuor,
1445 1821 1638 1907 queis
1678 1831 1839 1888 sunt
1878 1830 2073 1911 septa
2112 1846 2230 1889 ora
2268 1825 2648 1910 Minervae,

608 1937 1072 2023 Perrumpens
1109 1959 1362 2023 gyrum
1402 1938 1692 2003 interior
1729 1939 1842 2003 via
1882 1962 1953 2004 se
1991 1940 2292 2026 applicet
2330 1940 2578 2024 omnis,
2842 1970 2894 2009 50

610 2051 821 2117 Cuius
859 2051 935 2116 in
969 2060 1276 2119 extremo
1313 2054 1528 2119 vicini
1567 2054 1876 2121 numinis
1915 2080 2059 2122 csse

606 2168 971 2234 Desertum
1009 2169 1210 2255 scite,
1254 2169 1436 2256 quod
1471 2171 1630 2256 gyri
1669 2171 1949 2237 accedat
1987 2173 2074 2238 ab
2112 2173 2268 2238 oris,

473 2479 558 2542 15
1517 2478 1823 2544 CAPVT
1896 2481 1977 2546 V.
2886 2516 2969 2577 p.
3009 2503 3203 2567 142

1461 2654 1656 2707 {fabrica
1683 2655 1790 2694 atrii
1816 2655 2027 2696 Veneris.

773 2841 885 2906 En
920 2840 1208 2907 Veneris
1247 2841 1537 2925 cultum,
1578 2846 1894 2906 sanctum
1934 2846 2001 2906 et
2038 2841 2431 2907 venerabile
2468 2842 2832 2930 templum,

593 2957 680 3022 In
719 2957 914 3023 cuius
953 2956 1178 3022 medio
1217 2964 1415 3044 pater
1454 2964 1556 3023 est
1593 2957 1811 3022 Amor
1849 2957 2308 3043 ingeniorum.

594 3072 948 3137 Arcanum
987 3073 1419 3160 quadruplex
1456 3072 1690 3158 cyclus
1730 3072 2206 3138 concentricus
2247 3074 2486 3139 ambit.

463 3191 553 3254 20
596 3189 742 3253 Hos
784 3189 1017 3274 aequis
1055 3189 1289 3255 radius
1328 3188 1743 3255 distinxerat
1780 3189 2167 3255 interuallis

591 3306 814 3389 Unus,
857 3305 978 3390 qui
1015 3328 1055 3370 a
1094 3305 1319 3370 medio
1357 3305 1661 3392 primum
1700 3311 1803 3371 est
1839 3305 2181 3372 resolutus
2221 3305 2296 3370 in
2334 3307 2598 3393 orbem,
2852 3339 2878 3377 5

592 3420 809 3499 Quem
848 3422 1030 3487 senis
1070 3422 1302 3488 radius
1339 3421 1633 3509 partivit
1669 3422 1927 3489 finibus
1967 3423 2178 3507 idem,

586 3540 721 3603 Per
760 3561 929 3623 quos
967 3538 1146 3604 fodit
1183 3538 1400 3603 Amor
1437 3537 1721 3625 spiculis
1759 3561 1879 3603 ora
1918 3540 2176 3605 extima
2213 3541 2424 3625 senis,

587 3655 684 3720 Et
719 3655 1009 3720 totidem
1047 3659 1121 3719 '111
1159 3663 1392 3742 partes
1427 3661 1823 3741 penetratos
1863 3655 2115 3721 dividit
2154 3657 2375 3739 orbes3

452 3766 540 3831 25
586 3770 1025 3857 Praecipiens
1063 3771 1423 3858 proprium
1463 3780 1541 3836 ut
1574 3771 1853 3858 capiant
1891 3772 2276 3859 penetralia
2314 3796 2572 3840 numen

583 3887 853 3952 Cuncta
890 3886 1268 3973 sigillatim.
1311 3887 1597 3953 Bissena
1633 3886 1798 3953 hinc
1835 3888 2001 3954 ordo
2042 3897 2419 3974 quaternus
2820 3923 2871 3960 ιο

583 4002 1080 4089 Connumerat,
1122 4004 1294 4070 serie
1331 4003 1459 4071 hac
1496 4005 1596 4070 ibi
1634 4006 2119 4093 conspicienda
2155 4006 2490 4073 locantur.

582 4119 817 4185 Prima
856 4120 1037 4185 Boni
1073 4129 1177 4187 est
1210 4122 1493 4208 specieS‚
1531 4122 1913 4187 Concordia
1953 4130 2190 4188 sancta
2229 4124 2605 4189 secundum
2644 4131 2747 4189 est

585 4236 806 4301 Nacta
842 4237 1097 4320 locum,
1138 4235 1316 4303 hanc
1353 4237 1664 4322 sequitur
1701 4238 1999 4303 Dilectio
2038 4247 2107 4303 et
2142 4239 2510 4326 Emphasis
2549 4247 2759 4326 atque

450 4354 539 4419 30
582 4352 1010 4435 Fascim'um,
1051 4353 1275 4419 Furor
1311 4352 1668 4419 ardescens
1706 4362 1775 4419 et
1812 4353 2057 4419 Gratia
2096 4355 2344 4421 suavis.

753 4514 779 4560 1
816 4511 1159 4575 Haebesque
1288 4513 1319 4561 9
1353 4512 1779 4576 Euphrosincin

853 4605 1005 4644 Βκωει
1038 4606 1146 4654 01111·
1179 4608 1259 4644 lue.
1293 4606 1333 4654 1,
1370 4607 1411 4645 3.
2492 4609 2543 4648 36
