3738 5268
823 513 942 570 ‘242
1409 523 1688 567 mamm
1733 521 1938 565 vnvm
1980 520 2070 564 DE:
2112 521 2384 581 nmmo,
2428 520 2518 564 111.

818 707 928 746 sex
969 684 1165 744 tribus
1201 681 1471 762 punctis,
1508 690 1571 741 et
1615 682 1700 741 ita
1754 681 2049 759 deinceps
2096 701 2287 757 usque
2342 680 2420 740 ad
2473 700 2582 739 sex
2619 679 2913 741 maximas
2940 681 3110 759 illas,

818 822 971 877 quae
1006 800 1162 860 radii
1199 809 1472 859 centrum
1507 800 1873 875 attingentis
1906 818 2220 858 numerum
2256 797 2573 856 definiunt.

980 926 1012 971 Τ
1056 918 1138 976 Et
1178 915 1321 993 quid
1383 915 1639 993 prodest
1684 934 1794 992 per
1838 924 2049 992 partes
2081 913 2600 991 proportionaleS,
2641 931 2794 987 quas
2827 920 3113 989 quantas·

823 1051 1076 1109 cumque
1122 1038 1304 1109 potes
1342 1030 1650 1108 accipere,
1694 1030 2178 1106 magnitudinem
2223 1037 2285 1088 et
2327 1047 2641 1088 numerum
2689 1028 2945 1087 definire
2980 1030 3111 1087 mil·

736 1145 777 1207 Ul

823 1150 939 1208 lies
972 1156 1153 1224 atque
1189 1146 1329 1206 aliis
1365 1147 1770 1224 positionibus
1805 1144 2168 1220 indefinitis,
2206 1164 2359 1221 quae
2387 1144 2621 1203 malunt·
2654 1165 2773 1203 una
2807 1145 3112 1222 positione

824 1264 1062 1324 definiti
1115 1262 1345 1322 minimi
1417 1262 1517 1321 vel
1573 1259 1917 1321 certissimo
1969 1260 2180 1319 ordine
2237 1258 2550 1319 dividendi
2605 1267 2791 1335 atque
2855 1259 3115 1320 subdefi-

825 1380 1032 1441 niendi
1066 1376 1473 1455 investigari?

984 1500 1016 1545 Τ
1060 1497 1157 1555 83.
1201 1492 1763 1572 Proportionalium
1807 1512 2042 1570 quoque
2079 1491 2345 1570 partium
2379 1491 2618 1551 ratione
2655 1500 2898 1569 carent,
2936 1511 3118 1566 quam

828 1636 938 1674 nos
962 1615 1038 1673 ab
1067 1613 1426 1691 aequalibus
1455 1612 1717 1671 minimis
1748 1612 2194 1690 dependentem
2229 1611 2391 1671 omni
2420 1610 2719 1670 facilitate
2751 1612 3119 1688 colligimus

701 1724 785 1787 lO
989 1732 1022 1777 *fl
1061 1729 1151 1789 Ut
1184 1737 1334 1796 Quot
1379 1729 1646 1806 partium
1682 1728 1944 1788 senariis
1990 1736 2231 1788 constat
2286 1726 2803 1804 circumferentia,
2863 1729 3119 1788 totidem

832 1843 1040 1903 radius
1075 1844 1261 1905 debet
1304 1852 1586 1905 constare
1643 1844 1922 1923 partibus
1975 1844 2268 1921 propriis,
2325 1864 2581 1919 quarum
2636 1863 2755 1903 una
2793 1854 2890 1903 est
2921 1845 3120 1923 basiS,

832 1981 1053 2040 nempe
1086 1962 1307 2038 media,
1331 1982 1439 2022 sex
1472 1961 1663 2021 radiis
1695 1962 2171 2037 exsurgentibus
2193 1962 2528 2021 communis
2563 1962 2888 2036 terminus3
2914 1961 3121 2037 itaque

832 2078 936 2136 ubi
972 2077 1233 2138 circulus
1267 2078 1565 2157 accipitur
1608 2077 1929 2138 duodecim
1974 2077 2271 2156 partium,
2323 2077 2532 2165 radius
2570 2086 2666 2137 est
2701 2077 2982 2153 duarum,
3021 2077 3122 2137 ubi

833 2194 1095 2255 circulus
1132 2194 1341 2254 decem
1388 2205 1451 2254 et
1506 2204 1642 2253 octo
1698 2193 1997 2253 conflatur
2051 2194 2342 2269 minimiS,
2389 2194 2599 2254 radius
2634 2201 2730 2253 est
2765 2194 2974 2270 trium,
3020 2194 3125 2252 ubi

709 2303 794 2366 15
841 2311 946 2371 ille
983 2321 1240 2388 quatuor
1269 2319 1330 2371 et
1359 2311 1606 2386 viginti,
1641 2310 1757 2370 iste
1787 2320 2066 2385 quatuor.
2092 2309 2243 2369 Inde
2280 2309 2439 2369 sicut
2473 2309 2697 2369 senarii
2731 2310 3127 2387 processione

838 2426 1366 2490 circumferentiae
1416 2434 1627 2505 partes
1684 2425 2198 2503 multiplicantur,
2244 2426 2331 2484 ita
2364 2447 2474 2503 pro
2526 2425 2757 2485 minimi
2798 2425 3130 2503 investiga·

838 2549 1004 2607 tione
1027 2566 1161 2606 cum
1185 2544 1262 2604 ad
1292 2564 1484 2605 novas
1519 2564 1695 2605 arcus
1719 2544 2056 2605 divisiones
2082 2544 2487 2623 procedimuS,
2520 2554 2582 2605 et
2610 2545 2875 2623 partium
2906 2565 3127 2604 novam

839 2664 1214 2724 adsumimus
1240 2662 1558 2722 rationem.

1002 2785 1036 2830 ‘H
1081 2782 1176 2840 90.
1223 2782 1296 2839 Iu
1325 2780 1676 2839 memoriam
1708 2778 2136 2856 revocandum,
2165 2786 2234 2838 ut
2262 2778 2323 2838 in
2352 2778 2615 2856 sphaera
2645 2777 2940 2838 maximus
2965 2779 3130 2838 orbis

709 2893 797 2956 20
843 2903 939 2958 est
971 2897 1074 2974 qui
1106 2916 1220 2975 per
1255 2904 1528 2956 centrum
1565 2895 1862 2957 diametro
1900 2896 2287 2971 terminatur,
2326 2896 2428 2954 ubi
2467 2894 2735 2976 (senario
2771 2894 3131 2956 subordina-

842 3024 1040 3076 tarum
1073 3015 1337 3092 partium
1369 3021 1689 3074 constante
1722 3016 2000 3092 numero)
2039 3024 2186 3091 quot
2223 3021 2434 3093 partes
2469 3034 2613 3074 area
2653 3012 3133 3092 comprehendat

845 3139 943 3193 est
973 3127 1383 3190 manifestum.
1430 3128 1494 3187 Si
1549 3130 1685 3206 quis
1742 3130 1901 3190 enim
1951 3150 2025 3190 ex
2060 3129 2326 3207 globulis
2382 3131 2705 3208 sphaeram
2762 3129 3134 3206 regulariter

849 3246 1245 3325 compositam
1282 3246 1645 3323 inspexerit,
1683 3246 1734 3304 si
1769 3245 1965 3324 primo
1998 3255 2229 3306 statuta
2266 3254 2364 3307 est
2396 3245 2693 3306 maximae
2738 3265 2916 3305 areae
2952 3246 3136 3305 ambi·

850 3372 948 3424 tus
979 3363 1241 3441 partium
1271 3363 1488 3438 viginti
1518 3371 1580 3422 et
1614 3371 1891 3440 quatuor,
1929 3372 2059 3422 tota
2094 3384 2235 3423 area
2272 3364 2388 3423 erit
2422 3365 2687 3442 partium
2722 3363 3043 3439 sexaginta
3073 3372 3136 3423 et

717 3472 803 3535 ‘25
851 3480 1044 3540 uniuS.
1098 3479 1161 3538 Si
1218 3477 1708 3540 circumferentia
1761 3489 2003 3540 constet
2063 3479 2399 3541 octodecim
2453 3480 2763 3558 partibuS,
2821 3499 2965 3539 area
3018 3479 3136 3538 erit

850 3599 1113 3677 partium
1176 3607 1410 3675 septem
1458 3605 1522 3656 et
1574 3598 1846 3673 triginta.
1912 3597 2250 3658 Duodecim
2313 3599 2591 3677 partibus
2648 3597 3139 3658 circumferentia

853 3736 1057 3775 aream
1092 3715 1300 3775 decem
1346 3725 1409 3775 et
1450 3735 1669 3775 novem
1727 3716 1989 3792 partium
2028 3717 2469 3794 complectitur,
2510 3721 2518 3795 Ι
2555 3718 2661 3776 illa
2695 3736 2803 3777 sex
2857 3716 3135 3794 partibus
3155 3696 3457 3773 p.104

853 3832 1035 3890 istam
1068 3842 1307 3909 septem
1351 3833 1630 3910 partium.
1677 3832 1813 3892 Una
1868 3832 2115 3892 tandem
2168 3853 2313 3911 pars
2367 3853 2433 3893 se
2476 3834 2673 3914 ipsam
2725 3842 2829 3892 aut
2882 3832 3136 3892 nihilum

856 3946 1378 4025 comprehendens
1413 3948 1855 4024 homogeneum
1901 3957 2113 4009 restat.
2153 3948 2450 4008 Diametri
2495 3949 2684 4026 igitur
2726 3950 2919 4027 primo
2957 3948 3136 4008 ratio-

725 4059 810 4121 30
855 4083 994 4123 nem
1030 4063 1256 4123 habere
1293 4073 1536 4141 oportet
1572 4085 1724 4142 cum,
1757 4066 1856 4139 qui
1890 4065 2083 4126 totius
2118 4066 2416 4146 sphaerae
2448 4067 2545 4125 vel
2584 4065 2792 4125 circuli
2822 4084 3136 4124 numerum

860 4180 993 4239 vult
1052 4180 1363 4256 colligere.
1419 4179 1597 4239 Unde
1652 4179 2043 4241 manifestum
2099 4191 2211 4261 est,
2262 4183 2767 4259 quemadmodum
2823 4182 3134 4257 subiectis‘,

859 4317 979 4355 non
1015 4305 1216 4355 autem
1260 4296 1634 4372 imaginariis
1677 4296 1956 4374 partibus
1993 4297 2278 4358 circulum
2323 4299 2679 4374 dividendO,
2719 4319 2837 4357 non
2875 4307 2971 4358 est
3004 4319 3139 4377 pos-

2376 4457 3125 4465 *vm——

1047 4551 1126 4600 ΩΟ.
1148 4551 1206 4598 21
1245 4548 1342 4599 ubi
1372 4549 1598 4601 senario
1619 4578 1677 4585 —-
1697 4562 1963 4600 numero:
1995 4554 2136 4617 quot
