3738 5268
1383 522 1475 567 nn
1516 520 1740 566 mmm
1782 518 2198 565 mmmmm.
2813 497 2930 559 135

636 685 814 752 Tum
853 683 1129 750 demum
1168 680 1381 765 digna
1417 681 1499 744 ut
1535 677 1815 760 obeant,
1856 673 2132 762 quando
2171 673 2402 761 ampla
2439 671 2778 738 elementa
2852 694 2932 738 120

636 800 866 868 Fatali
904 797 1276 867 commixta
1314 794 1427 861 die
1464 792 1805 860 discordia
1844 791 1919 857 in
1958 813 2171 857 unam

637 915 977 982 Coniiciet
1015 934 1327 979 massam.
1367 909 1503 976 Sed
1540 918 1646 993 tu,
1686 908 1845 974 Dux
1884 907 2155 990 inclite,
2192 906 2416 971 lucem

638 1028 919 1116 Ingenii
959 1026 1277 1095 sublimis
1316 1047 1495 1109 eam,
1537 1045 1673 1111 qua
1711 1029 1781 1088 te
1819 1022 2008 1087 Deus
2046 1021 2186 1087 alte

554 1150 595 1214 5
641 1144 973 1228 Donavit,
1015 1141 1349 1210 succende
1388 1141 1550 1224 tibi,
1582 1147 1843 1226 tuaque
1883 1137 2274 1225 ingrediare

636 1259 954 1349 Templa,
994 1259 1212 1326 oculis
1251 1256 1588 1325 credendo
1622 1257 1788 1340 tuis;
1829 1254 1995 1342 quia
2034 1252 2644 1342 quantulacunque
2855 1277 2934 1319 125

636 1377 1056 1467 Comprendi
1092 1378 1377 1445 valeant
1415 1399 1451 1442 e
1490 1375 1727 1441 multis
1768 1396 1944 1461 quae
1981 1373 2115 1439 tibi
2150 1372 2413 1459 pand0‚

636 1496 957 1563 Praelato
995 1501 1328 1583 poterunt
1367 1493 1588 1560 Genio
1628 1491 2037 1578 dignissima
2077 1490 2281 1556 credi.

637 1612 783 1678 Nec
821 1612 1072 1677 sciolus
1114 1611 1473 1697 quisquam
1513 1632 1551 1674 e
1588 1607 2007 1692 cataclysmo
2044 1602 2682 1691 grammaticorum,

507 1737 592 1800 10
637 1728 770 1791 Per
810 1748 980 1813 quos
1020 1726 1423 1791 subversum
1456 1730 1561 1789 est
1598 1722 1881 1809 sophiae
1908 1742 2128 1807 genus
2167 1742 2398 1804 omne,
2436 1725 2724 1806 putetur

635 1842 910 1929 Dignus
951 1841 1071 1927 qui
1111 1839 1418 1925 accedat,
1458 1838 1666 1904 titulo
1706 1858 2139 1924 quocumque
2175 1835 2547 1923 superbuS‚
2850 1861 2926 1903 130

636 1959 734 2027 Ut
770 1966 840 2024 te
878 1957 988 2023 vel
1026 1956 1301 2041 doceat,
1339 1955 1452 2022 vel
1489 1955 1573 2021 de
1619 1955 1774 2022 istis
1814 1954 2073 2020 iudicet
2106 1976 2348 2042 expers

634 2073 981 2158 Laminie,
1024 2096 1105 2139 ac
1145 2073 1397 2139 stultus
1438 2071 1775 2158 quaedam
1813 2071 2042 2137 minus
2082 2094 2227 2136 esse
2265 2068 2483 2136 latine

633 2190 933 2256 Insultet
983 2188 1197 2272 dicta,
1236 2195 1316 2254 ut
1354 2195 1423 2253 et
1460 2189 1664 2253 rebus
1702 2188 1987 2273 deroget
2026 2186 2164 2253 alte

505 2312 587 2375 15
635 2304 1055 2391 Descriptis;
1097 2302 1215 2369 sed
1252 2303 1461 2369 verba
1499 2309 1700 2390 putet
1732 2325 2069 2388 vocesque
2109 2302 2412 2369 Deorum

635 2420 900 2509 Aptata
938 2419 1046 2485 his
1083 2419 1414 2505 numeris,
1451 2419 1863 2506 quadrantis.
1902 2418 2216 2485 sensibus
2253 2418 2470 2503 hisce,
2848 2446 2923 2487 ωε»

636 2536 1035 2614 Quamlibet
1072 2535 1363 2619 invitus,
1398 2535 1738 2622 siquidem
1778 2559 1900 2602 sua
1936 2535 2243 2623 pondera
2282 2535 2487 2602 dictis

636 2654 852 2720 Sensa
890 2653 1157 2719 dabunt
1191 2652 1476 2738 nostris,
1515 2652 1638 2718 ubi
1675 2654 1855 2718 livor
1887 2652 2370 2741 suppeditatus

638 2768 963 2853 Cesserit‚
1004 2768 1430 2856 incipietque
1466 2791 1685 2836 novae
1723 2768 2201 2857 comprendier
2238 2775 2420 2835 artes

499 2891 590 2956 20
635 2886 818 2965 Quid
855 2885 1181 2951 claudant
1219 2893 1288 2952 et
1327 2885 1495 2971 quid
1531 2894 1873 2974 promant.
1911 2885 2109 2952 Tunc
2145 2886 2218 2952 vi
2250 2885 2653 2953 meritorum

634 3003 858 3069 Multa
896 3010 1342 3068 renascentur
1380 3024 1554 3088 quae
1592 3002 1729 3068 iam
1779 3001 2112 3087 cecidere,
2152 3002 2535 3087 cadentque
2843 3031 2924 3071 uo

632 3116 824 3194 Quae
859 3116 1138 3182 fuerant
1175 3116 1251 3181 in
1286 3116 1542 3183 honore
1580 3117 1943 3201 vocabula,
1983 3141 2146 3184 nam
2188 3119 2373 3185 volet
2411 3142 2592 3184 usus.

632 3234 814 3302 Usus
850 3232 1410 3321 principiumque
1448 3234 1732 3319 erimuS,
1774 3235 2049 3321 quando
2089 3236 2483 3323 sapientum

631 3352 976 3438 Dogmata
1013 3351 1401 3437 priscorum
1434 3350 1680 3437 priscis
1720 3352 2100 3417 clarissima
2141 3353 2372 3419 verbis

495 3470 582 3533 25
628 3468 688 3533 E
725 3466 942 3532 fundo
975 3465 1278 3532 eruimus
1317 3467 1789 3551 tenebrarum,
1829 3489 1955 3554 pro
1996 3468 2308 3534 novitate

629 3585 730 3668 (Si
770 3585 861 3651 sit
899 3589 1097 3671 opus)
1136 3607 1389 3667 rerum,
1442 3608 1874 3671 quocumque
1913 3610 1949 3651 e
1987 3586 2180 3653 fonte
2219 3588 2588 3655 trahantur
2843 3618 2920 3657 115

628 3701 1091 3785 Commodius,
1135 3723 1383 3767 vocum
1430 3701 1751 3768 authores
1790 3703 2180 3790 erimusque
2212 3727 2568 3771 novarum.

629 3816 1083 3883 Grammatici
1122 3817 1378 3899 verbiS,
1419 3824 1492 3882 at
1524 3819 1723 3884 nobis
1762 3820 1972 3885 verba
2013 3819 2436 3904 ministrent,

625 3932 686 3997 Ii
726 3933 1094 3999 observent
1131 3956 1360 4016 usum,
1403 3956 1604 4019 quem
1644 3958 1768 4001 nos
1807 3934 2180 4001 indicimus
2219 3936 2395 4002 ollis.

493 4058 582 4122 30
626 4047 769 4113 Nec
804 4071 1024 4135 genus
1071 4048 1408 4136 insipiens
1447 4057 1783 4117 temerata
1821 4060 2052 4117 mente
2090 4060 2491 4139 protervum

628 4163 1025 4231 Confundat
1065 4167 1351 4253 specieS,
1388 4168 1621 4233 turbet
1658 4192 1878 4255 genus
1915 4193 2145 4256 omne,
2178 4180 2258 4238 ut
2290 4172 2546 4257 ubique
2839 4198 2915 4233 ιω

625 4280 830 4345 Artes
863 4280 937 4345 in
977 4282 1324 4368 crepidam
1356 4284 1798 4352 retrahantur
1834 4289 2446 4373 grammaticalem.

625 4396 802 4462 Nam
840 4419 990 4480 vos,
1031 4420 1069 4462 o
1109 4398 1372 4485 Musae,
1407 4424 1836 4487 quacumque
1877 4427 1913 4469 e
1945 4412 2143 4491 parte
2181 4404 2434 4470 venitis

621 4511 1031 4599 Appositae,
1072 4514 1369 4602 excipiet
1404 4524 1637 4601 gratas
1677 4517 1958 4606 sophiae
1989 4540 2207 4605 genus
2246 4519 2492 4602 altum,
