3738 5268
1520 514 1607 558 DI«)
1650 514 1980 560 MENSVRA.

769 668 933 730 Cave
968 689 1043 729 ne
1081 669 1239 729 sicut
1275 671 1563 748 angulum
1598 671 1932 751 duplicare,
1969 671 2283 752 triplicare
2314 681 2377 734 et
2411 673 2710 750 quomodo
2741 673 2900 733 libet

606 806 832 862 augere
866 787 1035 847 iuxta
1065 789 1417 849 continuum
1458 788 1703 850 modum
1753 790 2012 868 accidit,
2048 792 2136 851 ita
2176 799 2242 853 et
2291 791 2559 851 discrete
2603 791 2795 851 dividi
2834 799 2897 851 et

606 907 938 967 secundum
985 917 1195 986 partes
1229 908 1620 988 multiplicari
1659 910 2000 987 existimes;
2036 932 2146 991 pro
2182 913 2299 971 hoc
2341 912 2505 971 enim
2539 911 2801 989 plurima
2832 911 2896 969 in

606 1027 1091 1106 praesentiarum
1129 1035 1192 1088 et
1225 1028 1288 1087 in
1320 1030 1740 1107 superioribus
1785 1030 2148 1109 explicando
2194 1031 2443 1091 iecimus
2478 1031 2891 1090 fundamenta.

521 1140 562 1204 ὅ
604 1147 845 1224 Nempe
882 1145 1107 1207 etenim
1140 1145 1204 1205 in
1240 1147 1559 1225 proposito
1607 1147 1722 1208 hoc
1771 1169 1807 1208 a
1858 1149 2127 1208 continui
2184 1157 2510 1226 augmento
2565 1156 2631 1209 et
2691 1148 2895 1208 decre-

605 1273 808 1325 mento
844 1263 1031 1344 (quod
1064 1285 1185 1324 non
1220 1264 1298 1323 ab
1341 1272 1503 1341 actu,
1553 1265 1664 1325 sed
1712 1287 1749 1325 a
1799 1267 2076 1343 potentia
2128 1267 2570 1343 magnitudinis
2623 1266 2892 1343 emanat)

604 1384 1056 1445 multitudinem
1093 1391 1155 1443 et
1186 1383 1558 1463 paucitatem
1601 1385 1864 1464 partium
1907 1385 2198 1463 colligere
2242 1384 2477 1465 licebit,
2512 1387 2631 1446 nisi
2660 1387 2722 1446 in
2753 1390 2891 1448 sub·

603 1507 765 1566 iecta
798 1504 1087 1583 angulum
1124 1504 1567 1564 substendente
1600 1505 1756 1580 basi,
1805 1504 1866 1563 in
1910 1527 2028 1581 qua
2070 1515 2478 1583 quotcumque
2511 1514 2721 1586 partes
2754 1515 2896 1568 actu

605 1623 810 1699 anguli
854 1622 1083 1682 virtute
1127 1622 1597 1699 comperiuntur.
1635 1621 2151 1700 Distinguendum
2200 1632 2298 1685 est
2345 1626 2503 1685 enim
2562 1626 2726 1687 inter
2778 1627 2895 1686 hoc

2775 505 2892 563 329

474 1738 560 1802 lO
604 1742 766 1819 quod
802 1740 1169 1818 formaliter,
1214 1740 1588 1815 virtualiter,
1632 1742 1859 1819 active,
1914 1750 1977 1803 et
2029 1743 2183 1803 illud
2243 1744 2409 1820 quod
2461 1746 2889 1821 materialiter,

606 1857 929 1918 actualiter
963 1865 1026 1917 et
1062 1855 1347 1917 effective
1384 1864 1483 1916 est
1513 1857 1878 1918 huiusmodi.

963 2347 1347 2422 SEGTIO
1422 2348 1570 2419 III.
1649 2347 1796 2418 DE
1878 2346 2539 2424 TRIANGVLO.

1544 2775 1849 2840 CAPVT
1916 2777 1970 2841 I.

1456 2945 1689 2995 Triquetri
1718 2946 2055 2996 prorogativac.

476 3132 559 3195 15
792 3131 1067 3196 Cornua
1106 3137 1184 3195 ut
1222 3131 1450 3196 aurati
1487 3130 1862 3219 Nephelaei
1900 3132 2173 3197 velleris
2212 3142 2439 3199 essent

607 3247 1119 3334 Splendidiora,
1163 3254 1546 3334 typumque
1584 3248 1860 3334 insigne
1898 3249 2401 3336 principiorum

605 3364 961 3452 Principio
1000 3374 1298 3452 aptaret,
1340 3366 1649 3430 referunt
1687 3373 2133 3431 monumenta
2172 3367 2481 3453 prioruln

605 3480 1025 3545 Mercurium
1065 3481 1139 3545 in
1178 3482 1364 3545 coelo
1405 3481 1814 3566 triquetram
1854 3482 2158 3547 evexisse
2196 3484 2510 3568 figuram.

603 3597 813 3661 Hisce
852 3597 986 3663 alio
1027 3598 1254 3663 visum
1291 3605 1394 3662 est
1432 3599 1662 3664 studio
1700 3599 2033 3664 Deltoton
2072 3599 2145 3664 in
2186 3601 2385 3665 illum

472 3713 560 3775 20
606 3714 973 3779 Sublatum
1012 3738 1155 3779 esse
1195 3715 1446 3797 locum,
1488 3715 1607 3801 qui
1645 3724 1879 3802 portat
1919 3716 2386 3801 significatum

607 3832 886 3897 Grande
924 3831 1135 3913 Iovia,
1176 3855 1424 3918 nempe
1463 3833 1578 3897 ille
1619 3834 1787 3898 Dios
1826 3834 2052 3920 prisco
2092 3857 2207 3899 ore
2250 3842 2564 3916 vocatur,

603 3947 1037 4034 Principium
1075 3948 1284 4034 digne
1324 3971 1526 4033 quem
1566 3949 1806 4014 dicunt
1842 3951 2368 4037 principiorum.

603 4062 700 4128 At
740 4063 912 4128 mihi
952 4064 1274 4129 caelestes
1312 4066 1558 4129 merito
1598 4067 1783 4130 intra
1821 4076 1923 4131 est
1961 4066 2082 4131 illa
2121 4068 2418 4152 figurae,

605 4181 898 4257 Quando
937 4204 1018 4244 ex
1057 4181 1184 4246 hac
1224 4182 1444 4246 omnis
1483 4183 1708 4269 primo
1747 4192 1850 4247 est
1890 4183 2188 4249 conflata
2226 4184 2478 4269 figura,

472 4301 558 4362 25
607 4300 825 4383 Inque
867 4299 1082 4385 ipsam
1125 4301 1403 4364 tandein
1444 4301 1782 4365 duntaxat
1821 4302 2112 4365 solvitur
2152 4300 2402 4380 omnis,

775 4533 807 4581 5
839 4530 898 4580 in
926 4529 1240 4596 proposito.
1266 4529 1375 4579 hoc
1505 4531 1564 4579 14
1598 4532 1667 4594 cf.
1699 4547 1811 4594 ap.
1848 4531 1971 4591 123,
2002 4533 2070 4578 26
2197 4532 2256 4578 19
2298 4530 2620 4579 Delthoton

879 4645 1027 4683 Ritus!
1065 4644 1173 4691 ΟΜ).
1199 4645 1278 4681 lul.
1306 4644 1341 4691 1,
1366 4645 1407 4683 3.
2516 4644 2567 4681 42

2839 4208 2889 4249 10
