3738 5268
856 487 972 546 140
1474 501 1749 547 mamm
1791 501 1994 548 nux-’m
2038 505 2126 547 nr.
2167 503 2435 559 ummo,
2482 503 2521 548 1.

851 665 1005 734 tum,
1047 655 1350 732 efficiens,
1387 656 1527 716 finis
1568 664 1631 716 et
1683 664 1905 735 totum,
1950 665 2240 738 punctum
2281 661 2342 719 in
2386 660 2806 736 magnitudine
2846 660 3026 719 unius
3071 670 3136 720 et

852 773 1107 832 duarum
1142 770 1617 847 dimensionum,
1664 781 1903 833 atomus
1947 774 2252 852 privative
2292 776 2354 834 in
2396 776 2753 854 corporibus
2795 796 2947 852 quae
2989 786 3136 837 sunt

848 890 1083 967 primae
1117 895 1356 966 partes,
1402 895 1642 948 atomus
1694 888 1983 964 negative
2035 890 2096 949 in
2149 890 2299 951 iisce
2342 911 2494 967 quae
2539 899 2683 951 sunt
2725 899 2857 952 tota
2896 892 2961 951 in
3002 899 3136 952 toto

849 1011 1031 1080 atque
1068 1004 1364 1080 singulis,
1400 1012 1471 1063 ut
1504 1002 1565 1063 in
1602 1024 1777 1080 voce,
1815 1004 2016 1063 anima
2052 1013 2114 1065 et
2147 1005 2496 1066 huiusmodi
2539 1024 2760 1086 genus,
2798 1027 3012 1067 monas
3046 1028 3136 1066 ra-

760 1125 800 1188 5
848 1119 1160 1179 tionaliter
1181 1119 1241 1177 in
1271 1119 1569 1196 numeris,
1598 1119 2011 1180 essentialiter
2033 1120 2094 1179 in
2122 1121 2417 1182 omnibus.
2450 1122 2607 1184 Inde
2634 1123 2959 1183 maximum
2981 1120 3134 1182 nihil

848 1243 946 1295 est
966 1234 1133 1295 aliud
1157 1255 1335 1310 quam
1358 1233 1691 1295 minimum.
1717 1234 1895 1294 Tolle
1917 1235 2185 1313 undique
2207 1235 2520 1297 minimum
2546 1285 2559 1314 ,
2581 1238 2804 1314 ubique
2825 1238 2978 1297 nihil
3001 1238 3138 1298 erit.

846 1351 1043 1411 Aufer
1075 1351 1347 1427 undique
1380 1351 1727 1428 monadem,
1765 1371 2061 1427 nusquam
2094 1353 2213 1412 erit
2246 1373 2538 1414 numerus
2566 1401 2579 1431 ,
2614 1354 2767 1413 nihil
2795 1354 2913 1414 erit-
2935 1374 3138 1416 nume-

847 1468 1070 1544 rabile,
1109 1468 1312 1528 nullus
1346 1477 1715 1529 numerator.
1760 1468 1924 1528 Hinc
1960 1468 2251 1547 optimus,
2289 1470 2615 1548 maximuS,
2653 1471 3134 1531 substantiarum

847 1584 1214 1656 substantia,
1254 1591 1316 1644 et
1351 1583 1601 1662 entitaS,
1627 1603 1746 1660 qua
1780 1584 1946 1644 entia
1979 1593 2147 1662 sunt,
2187 1586 2464 1645 monadis
2494 1587 2736 1646 nomine
2771 1586 3133 1647 celebratur.

716 1706 801 1769 10
1007 1706 1045 1767 Ἢ
1091 1702 1188 1760 22.
1231 1700 1507 1760 Naturae
1543 1707 1605 1760 et
1639 1699 1790 1760 artis
1824 1701 2165 1760 subiectum
2204 1708 2268 1762 et
2310 1702 2639 1780 obiectum,
2673 1701 3035 1780 compositio
3073 1709 3137 1763 et

846 1815 1141 1877 resolutio
1185 1815 1425 1893 agendo
1481 1822 1545 1874 et
1599 1814 2066 1893 contemplando
2112 1835 2186 1876 ex
2226 1816 2471 1878 minimo
2518 1817 2736 1894 oritur,
2783 1817 2846 1877 in
2886 1815 3133 1878 minimo

848 1932 1132 1992 consistit
1169 1940 1231 1992 et
1265 1930 1345 1991 ad
1376 1930 1689 1991 minimum
1720 1930 2050 1992 reducitur.

1003 2053 1044 2115 Tc
1087 2050 1182 2108 26.
1207 2048 1420 2124 Neque
1442 2048 1634 2107 multa
1669 2053 1916 2125 oportet
1949 2066 2086 2107 esse
2114 2047 2494 2107 minimorum
2518 2066 2748 2124 genera
2771 2054 2951 2124 atque
2983 2047 3133 2124 figu-

848 2187 975 2244 rae,
1030 2162 1536 2240 quemadmodum
1588 2183 1785 2240 neque
1846 2163 2188 2240 literarum,
2252 2171 2322 2222 ut
2382 2164 2856 2226 innumerabiles
2911 2163 3130 2224 exinde

717 2289 798 2351 15
846 2282 1086 2361 species
1120 2289 1583 2358 componantur,
1615 2281 1894 2358 quamvis
1920 2280 2275 2341 Democrito
2313 2288 2376 2342 et
2403 2281 2717 2360 Leucippo
2749 2302 2867 2342 uno
2897 2281 3129 2358 figurae

845 2416 1070 2474 genere
1114 2397 1476 2473 consIstant3
1525 2418 1692 2473 nam,
1738 2418 1849 2475 pro
1895 2396 2246 2458 differentia
2289 2397 2486 2458 inanis
2522 2406 2584 2457 et
2619 2397 2800 2458 solidi
2841 2398 3022 2458 huius
3065 2406 3131 2459 et

842 2513 1010 2574 illius
1052 2512 1402 2573 situationis
1460 2521 1521 2572 et
1580 2512 1842 2590 ordinis,
1889 2513 2220 2574 formarum
2262 2513 2595 2575 diversitas
2650 2513 2998 2574 necessario
3054 2513 3134 2572 de

846 2628 1183 2710 sphaericis
1217 2628 1438 2689 atomis
1472 2637 1879 2705 consequetur
1892 2660 1910 2708 7·
1936 2631 2114 2691 nobis
2142 2650 2288 2692 vero
2320 2651 2579 2693 vacuum
2609 2629 2969 2709 simpliciter
2997 2650 3132 2691 cum

846 2747 1240 2806 atomis'non
1294 2744 1542 2823 sufficit,
1602 2751 1831 2805 certam
1875 2745 2103 2824 quippe
2157 2755 2401 2824 oportet
2456 2767 2594 2807 esse
2647 2747 2964 2807 materiam
3016 2767 3133 2823 qua

712 2864 801 2931 20
845 2861 1357 2938 conglutinentur.
1388 2860 1510 2921 Sed
1538 2860 1699 2922 forte
1730 2868 1792 2921 et
1819 2861 1926 2920 isti
1955 2880 2212 2921 vacuum
2241 2882 2351 2940 pro
2376 2869 2515 2923 aere
2538 2862 2937 2941 accipiebant,
2967 2861 3130 2939 quod

845 2997 966 3037 non
1003 2976 1324 3037 credimus.

1003 3097 1038 3159 Ἥ
1084 3093 1181 3151 31.
1225 3090 1531 3151 Numerus
1575 3099 1673 3150 est
1714 3091 2000 3152 accidens
2043 3092 2349 3170 monadis,
2389 3100 2452 3154 et
2482 3113 2696 3153 monas
2731 3102 2829 3153 est
2862 3094 3134 3154 essentia

848 3209 1104 3284 numeri;
1143 3207 1232 3266 sic
1266 3205 1629 3284 compositio
1661 3205 1887 3267 accidit
1922 3215 2153 3287 atom0,
2185 3214 2247 3268 et
2275 3216 2513 3268 atomus
2549 3215 2646 3269 est
2673 3209 2945 3269 essentia
2978 3229 3134 3269 com·

848 3324 1053 3405 positi.
1088 3322 1466 3400 Principium
1494 3322 1728 3382 numeri
1756 3343 1968 3383 monas
2003 3343 2138 3383 cum
2172 3344 2457 3402 numero,
2489 3324 2649 3384 sicut
2677 3331 2741 3385 et
2765 3324 3130 3404 principium

715 3449 802 3511 25
846 3437 1284 3516 magnitudinis
1319 3444 1559 3498 atomus
1595 3459 1730 3499 cum
1761 3438 1899 3517 ipsa
1931 3439 2378 3517 magnitudine,
2416 3439 2733 3500 reductive
2766 3440 2868 3500 vel
2909 3439 3131 3519 princi-

848 3554 1073 3634 paliter
1106 3562 1249 3613 sunt
1280 3553 1341 3613 in
1375 3572 1602 3630 genere
1637 3555 2027 3631 quantitatis,
2064 3561 2127 3615 et
2159 3554 2501 3615 accidentia
2534 3554 2940 3633 substantiae,
2978 3575 3136 3632 quae

851 3677 947 3731 est
979 3688 1192 3730 monas
1226 3668 1623 3746 antecedenS,
1660 3688 1805 3730 vere
1841 3677 1905 3729 et
1933 3690 2044 3748 per
2072 3690 2140 3730 se
2169 3670 2479 3749 minimum
2507 3671 2872 3750 principium
2903 3672 3132 3749 magni·

849 3787 1111 3865 tudiniS,
1148 3787 1210 3846 in
1244 3806 1359 3863 quo
1395 3806 1515 3846 non
1553 3807 1627 3847 ex
1659 3806 1803 3862 quo;
1846 3796 1910 3845 et
1944 3786 2004 3846 in
2045 3786 2160 3847 hac
2204 3788 2407 3846 omnia
2448 3795 2592 3847 sunt
2627 3766 2845 3865 uiium,
2877 3788 3039 3849 sicut
3071 3788 3134 3846 in

851 3904 1114 3963 veritate
1157 3902 1340 3961 atomi
1385 3901 1715 3962 secundum
1759 3903 2029 3979 speciem
2073 3921 2282 3963 omnes
2325 3903 2515 3963 atomi
2558 3903 2891 3964 secundum
2924 3923 3130 3963 nume-

717 4029 804 4092 30
850 4039 998 4078 rum.
1054 4017 1157 4076 Ad
1206 4038 1463 4096 corpora
1518 4037 1663 4095 ergo
1717 4018 2071 4096 respicienti
2129 4019 2392 4078 omnium
2434 4019 2781 4078 substantia
2819 4019 3130 4078 minimum

850 4153 1071 4210 corpus
1116 4142 1213 4192 est
1255 4150 1364 4193 seu
1405 4140 1668 4211 atomuS,
1716 4133 1795 4194 ad
1837 4134 2060 4193 lineam
2101 4154 2249 4194 vero
2304 4142 2485 4211 atque
2526 4135 2773 4212 planum
2813 4133 3126 4194 minimum

850 4248 1011 4325 quod
1047 4256 1144 4309 est
1177 4241 1458 4328 punctu's.

1034 4506 1066 4554 3
1099 4508 1373 4556 Atomum
1497 4506 1559 4554 14
1590 4505 1649 4555 in
1680 4505 2067 4555 numerabiles

444 4896 881 5053 f&
