3738 5268
1355 545 1443 591 nn
1484 546 1893 593 iuvnx'monn
1934 544 2178 593 mmm.
2783 531 2900 593 267

625 696 993 785 Sphaerale
1032 700 1105 764 in
1145 701 1461 788 sphaera,
1502 703 1920 789 triquetrum
1956 704 2379 791 planumque
2416 703 2772 799 trigonum
2853 732 2904 770 ετ,

623 816 708 882 In
744 816 979 904 plane,
1023 841 1314 903 quorum
1352 820 1597 887 similis
1631 821 1713 886 de
1752 822 2034 909 cuspide
2069 846 2230 910 pars
2264 830 2383 888 est.

782 1068 870 1129 Ut
901 1068 1210 1130 minimum
1240 1072 1616 1150 primamque
1651 1082 1913 1151 partem,
1932 1073 2079 1134 licet
2118 1073 2460 1149 invenisse,
2500 1074 2589 1132 ita
2619 1080 2681 1134 et
2715 1093 2791 1133 ex
2822 1072 2909 1131 in-

625 1188 973 1250 differentia
1007 1190 1311 1270 suppositi
1347 1192 1575 1252 minimi
1605 1213 1782 1253 arcus
1823 1203 1887 1253 et
1928 1193 2211 1252 minimae
2260 1192 2526 1253 chordae
2562 1192 2661 1254 via
2698 1202 2795 1254 est
2828 1193 2908 1253 ad

536 1302 578 1366 5
624 1308 978 1386 possibilem
1013 1309 1224 1369 circuli
1277 1310 1738 1389 quadraturam,
1796 1330 2016 1390 nempe
2059 1312 2136 1371 ab
2181 1311 2546 1373 extrinsecis
2601 1312 2911 1389 positioni-

624 1424 739 1484 bus
776 1424 940 1504 (quia
973 1427 1050 1484 ab
1085 1425 1417 1485 intrinseco
1460 1447 1582 1488 non
1624 1434 1721 1487 est
1756 1427 2100 1506 possibilis,
2135 1437 2204 1488 ut
2239 1429 2658 1500 ostendemus)
2704 1436 2767 1488 et
2801 1447 2912 1506 per

622 1541 1015 1619 perimetrum
1040 1540 1337 1602 duntaxat
1359 1542 1794 1622 accipiendam.
1823 1543 2216 1603 Communem
2247 1544 2396 1605 item
2419 1543 2731 1604 invenisse
2752 1564 2911 1603 men-

627 1678 829 1718 suram
863 1668 960 1718 est
1001 1658 1386 1736 facillimum,
1421 1660 1697 1720 invenire
1730 1659 2001 1738 inquam,
2037 1662 2248 1723 videre
2283 1670 2347 1722 et
2387 1662 2728 1734 nominare;
2765 1660 2911 1720 licet

626 1773 689 1833 in
723 1773 884 1833 datis
919 1774 1442 1852 magnitudinibus
1479 1775 1708 1835 minimi
1746 1796 1856 1837 seu
1891 1777 2125 1856 primae
2162 1785 2226 1837 et
2259 1778 2546 1856 propriae
2574 1776 2740 1837 illius
2776 1796 2912 1854 par-

495 1892 581 1956 10
625 1893 708 1954 tis
743 1893 1140 1971 exiguitatem
1177 1894 1423 1955 tradere
1466 1914 1853 1972 nequeamus,
1918 1895 2270 1957 Communis
2320 1916 2605 1956 mensura
2657 1894 2910 1954 duarum

625 2016 931 2070 rectarum
967 2018 1031 2071 et
1061 2011 1479 2089 heterogenea
1521 2020 1616 2073 est
1647 2014 1933 2090 circulus,
1970 2033 2080 2093 per
2115 2033 2296 2089 quarn
2350 2011 2684 2073 Bressiano
2730 2030 2915 2089 opere

628 2128 1064 2206 examinentur,
1091 2129 1332 2204 quoties
1356 2130 1416 2189 in
1441 2130 1655 2191 eodem
1680 2131 2248 2209 comprehendatur,
2277 2131 2445 2190 cuius
2469 2130 2661 2189 maior
2696 2135 2792 2188 est
2821 2148 2916 2186 ra-

627 2244 765 2305 dius
793 2246 893 2306 vel
924 2245 1240 2307 diameter.
1265 2247 1468 2307 Minor
1493 2268 1638 2309 vero
1679 2249 1909 2309 chorda
1936 2250 2135 2326 qualis
2158 2249 2358 2327 qualis
2383 2258 2495 2309 est.
2513 2249 2915 2325 Homogenea

628 2383 915 2423 mensura
938 2371 1034 2425 est
1056 2364 1399 2441 triangulus
1432 2365 1788 2444 sphaericus
1812 2386 2075 2446 arcuum,
2105 2374 2166 2428 et
2192 2366 2547 2428 rectilineus
2572 2364 2911 2446 (Charitum

503 2473 588 2538 15
634 2503 854 2562 nempe
872 2484 1151 2563 cythara)
1169 2492 1492 2546 rectarum.
1513 2484 1862 2546 Communis
1881 2486 2026 2546 item
2043 2506 2328 2547 mensura
2349 2486 2527 2547 nobis
2550 2493 2645 2547 est
2668 2484 2914 2564 duplex;

632 2609 826 2663 totum
851 2601 1143 2663 videlicet
1178 2601 1561 2664 diversarum
1597 2602 1890 2683 partium,
1925 2611 1988 2664 et
2016 2603 2168 2665 haec
2191 2612 2289 2665 est
2315 2603 2644 2679 indirecta3
2684 2610 2746 2664 et
2768 2622 2915 2683 pars

633 2721 1016 2783 diversorum
1049 2722 1454 2800 integrorum,
1490 2728 1553 2782 et
1585 2722 1738 2783 haec
1768 2730 1865 2782 est
1895 2721 2147 2784 directa.
2177 2722 2386 2783 Primo
2409 2722 2589 2783 modo
2613 2722 2915 2783 duodena-

630 2838 786 2898 rium
811 2848 906 2900 est
935 2858 1220 2900 mensura
1236 2840 1568 2901 communis
1592 2841 1859 2900 omnium
1884 2848 2306 2901 contentorum
2331 2841 2444 2901 sub
2466 2839 2618 2919 ἰρεο,
2645 2853 2712 2899 ut
2733 2838 2917 2899 unde-

630 2956 787 3015 narii
819 2956 980 3032 quod
1016 2957 1290 3017 continet
1323 2964 1518 3016 totum
1552 2977 1687 3016 cum
1724 2956 2043 3018 undecima
2087 2965 2261 3035 parte
2298 2956 2415 3034 sui,
2465 2955 2701 3016 denarii
2755 2956 2914 3031 quod

497 3060 587 3124 20
630 3072 903 3132 continet
936 3079 1131 3132 totum
1165 3093 1297 3133 cum
1329 3073 1539 3149 quinta
1572 3083 1747 3152 parte
1790 3075 1883 3133 sui
1914 3083 2028 3135 etc.
2064 3073 2342 3134 Secundo
2377 3071 2556 3131 modo
2582 3070 2916 3132 ternarium

629 3198 725 3250 est
762 3208 1042 3250 mensura
1086 3190 1419 3249 communis
1473 3190 1727 3266 senarii,
1787 3190 2153 3266 novenarii,'
2192 3189 2569 3250 duodenarii.
2626 3189 2920 3250 Mensura

631 3305 963 3365 communis
997 3305 1194 3383 prima
1229 3315 1326 3367 est
1361 3325 1504 3383 una,
1543 3325 1762 3384 nempe
1790 3305 2132 3384 minimum,
2166 3313 2229 3367 et
2257 3307 2374 3365 hoc
2409 3305 2659 3383 duplex;
2691 3304 2909 3383 simpli-

631 3425 812 3501 citer,
859 3432 922 3485 et
955 3424 1044 3484 sic
1080 3432 1176 3485 est
1211 3424 1375 3500 apud
1409 3431 1688 3484 naturam
1701 3445 1715 3498 ;
1753 3430 1817 3483 et
1850 3423 1912 3482 in
1946 3442 2201 3501 genere,
2255 3431 2317 3482 et
2358 3423 2446 3481 ita
2488 3423 2687 3482 adhuc
2721 3423 2918 3502 dupli-

637 3541 818 3618 citer,
844 3541 922 3601 ad
947 3561 1193 3603 sensum
1217 3541 1510 3602 videlicet
1533 3550 1594 3602 et
1617 3542 1695 3601 ad
1729 3541 2051 3602 rationem.
2088 3540 2183 3599 Ex
2213 3540 2310 3600 his
2344 3540 2542 3600 modis
2569 3539 2717 3603 licet
2737 3540 2915 3601 nobis

503 3654 591 3720 25
626 3657 1011 3736 investigare
1042 3667 1103 3718 et
1136 3659 1430 3720 invenire.

831 3910 891 3958 13
911 3910 1068 3974 forse
1095 3907 1229 3958 talis
1257 3907 1444 3973 qualis
1568 3907 1628 3955 24
1663 3905 1769 3974 Ex]
1795 3909 1841 3956 Ε
