3738 5268
871 460 988 517 306
1483 473 1764 517 mmmm
1806 472 2008 516 Bavm
2052 472 2142 515 Da
2181 471 2451 533 1111111110,
2495 471 2554 514 V.

1787 850 2095 918 CAPVT
2152 852 2235 916 V.
3151 874 3231 935 p.
3272 859 3469 922 165

1097 1048 1315 1087 Schisma.
1351 1047 1568 1086 Libratio.
1603 1047 1801 1096 Longum
1833 1047 1984 1086 btseeo
2008 1051 2053 1086 et
2084 1046 2279 1086 medium
2310 1047 2357 1086 iu
2388 1058 2441 1087 co
2472 1051 2688 1096 punctum
2718 1047 2921 1086 invenio.

1045 1261 1138 1325 Et
1175 1266 1433 1325 rectam
1470 1260 1783 1345 geminas
1821 1259 1896 1323 in
1934 1258 2191 1346 parteis
2231 1257 2485 1323 dividis
2526 1279 2764 1341 unam,

870 1377 1161 1453 Quando
1197 1376 1346 1442 1000
1386 1376 1563 1441 radii
1600 1375 1835 1441 veniet
1874 1375 2222 1441 substrata
2259 1373 2608 1440 manentis

775 1497 815 1560 5
863 1494 1406 1577 Extremumque
1446 1491 1590 1557 eius
1628 1498 1963 1578 punctum
2005 1490 2438 1556 circumfluat
2476 1514 2720 1576 unum,

867 1610 1141 1688 Quanto
1180 1607 1474 1692 longedo
1514 1607 1694 1672 radii
1733 1606 2253 1694 comprenditur
2289 1628 2455 1672 arcu

861 1726 1066 1790 Illinc
1103 1730 1312 1809 atque
1350 1723 1587 1807 istinc,
1630 1730 1710 1789 ut
1745 1724 2027 1789 tandem
2064 1723 2401 1788 terminus
2441 1723 2616 1788 alter
3130 1751 3155 1789 5

858 1839 1138 1905 Defluat
1178 1840 1253 1903 in
1290 1839 1663 1925 reliquum:
1702 1839 1923 1905 veluti
1960 1838 2075 1904 via
2116 1861 2290 1924 quae
2325 1839 2509 1903 altus
2548 1838 2799 1925 Apollo

860 1956 1113 2021 Tendit
1152 1955 1226 2019 in
1266 1954 1617 2020 Oceanum
1657 1954 1953 2020 Telluris
1994 1954 2201 2020 scissa
2239 1955 2509 2019 refluxu
2546 1963 2652 2020 est

730 2073 814 2135 lO
858 2071 943 2135 In
982 2076 1270 2157 punctO,
1314 2069 1586 2153 quando
1626 2069 1951 2154 Erigonis
1989 2077 2328 2157 punctum
2368 2070 2456 2135 ad
2499 2069 2976 2157 Ganymedem

859 2188 1158 2252 Rectum
1197 2186 1473 2271 agitans
1512 2208 1784 2251 cursum
1825 2185 2215 2270 defluxerit,
2256 2194 2334 2252 ut
2371 2195 2537 2274 pote
2575 2189 2662 2253 ab
2703 2189 2852 2274 ipso

866 2303 1139 2370 Oceano
1177 2302 1540 2388 Erigones,
1583 2301 2047 2388 GanymedeS,
2088 2303 2270 2367 altus
2308 2304 2561 2390 Apollo
3106 2337 3153 2372 10

864 2417 1161 2503 Aequali
1201 2416 1469 2482 distant
1503 2416 1721 2498 radim
1763 2439 2177 2502 causamque
2216 2441 2340 2505 per
2378 2419 2583 2484 istam

863 2535 1234 2623 Cuspidem
1273 2536 1348 2599 in
1387 2534 1778 2621 oppositam
1817 2534 1876 2599 si
1916 2534 2174 2600 defluat
2212 2535 2430 2601 altera
2466 2535 2797 2622 utrinque

734 2648 814 2711 15
862 2654 1155 2738 Filaque
1191 2674 1317 2739 per
1353 2651 1654 2716 medium
1692 2651 1977 2717 venient
2013 2651 2300 2717 discissa
2338 2653 2676 2737 vicissim,

861 2770 1008 2835 Ista
1047 2768 1355 2833 Pericleo
1395 2767 1622 2853 capite
1659 2768 1911 2833 astruit
1941 2768 2200 2855 HoruS‚
2245 2768 2466 2835 Iason.

865 2885 1115 2949 Nonne
1152 2891 1222 2947 et
1262 2882 1608 2949 consimili
1646 2884 1996 2970 sapienter
2033 2885 2404 2951 schismata
2443 2891 2625 2952 sorte
3109 2918 3157 2957 15

865 3002 1072 3068 Alma
1109 3025 1363 3090 parens
1402 3003 1606 3068 rebus
1644 3003 1925 3087 tribuit,
1967 3026 2141 3089 quae
2179 3005 2496 3092 partibus
2534 3007 2771 3092 aequis

867 3117 1132 3183 Cuncta
1172 3118 1272 3182 ita
1311 3118 1649 3183 disiunxit
1682 3118 2032 3184 contraria
2071 3120 2594 3205 composuitque

735 3236 821 3296 20
866 3235 963 3301 Iis
1003 3236 1334 3319 numeriS,
1376 3243 1600 3301 totum
1638 3242 1717 3300 ut
1756 3237 1990 3302 redeat
2031 3236 2507 3323 quodcumque
2546 3238 2866 3304 recessit?

869 3351 1182 3416 Circulus
1222 3360 1326 3417 est
1366 3374 1658 3437 quorum
1698 3352 2079 3418 certissima
2116 3376 2358 3419 norma
2396 3362 2695 3441 reperta,

870 3466 1207 3554 Tempora
1249 3467 1370 3553 qui
1407 3468 1676 3533 vicibus
1716 3468 1899 3555 potis
1938 3477 2043 3533 est
2079 3469 2461 3556 dispescere
2501 3472 2732 3554 certis3
3107 3503 3158 3540 20

872 3582 985 3648 Sic
1024 3584 1146 3648 ubi
1185 3590 1327 3649 stat
1366 3584 1668 3649 medium
1710 3584 1952 3668 fixum,
1995 3585 2173 3650 ratio
2213 3592 2419 3672 atque
2455 3594 2761 3674 potestas

871 3699 1063 3783 Veri,
1107 3698 1192 3764 ad
1232 3700 1539 3765 diversos
1577 3701 1748 3765 fines
1788 3702 2137 3766 contraria
2175 3711 2471 3788 surgunt

739 3821 823 3882 25
871 3818 1240 3902 Dogmata,
1275 3840 1448 3903 quae
1480 3819 1840 3884 monadem
1883 3820 1957 3884 in
1990 3842 2351 3885 numerum
2386 3822 2815 3888 occurrentia
2854 3824 3151 3890 solvunt.

874 3933 1170 3997 Proinde
1209 3933 1469 3999 bisecta
1507 3934 1640 3998 tibi
1678 3934 1915 3999 veniat
1955 3958 2160 4019 quam
2202 3936 2497 4001 circinus
2537 3937 2715 4002 ullus

872 4049 1029 4112 Non
1067 4050 1275 4113 semel
1313 4049 1706 4135 apprendit,
1749 4051 2035 4137 paribus
2076 4052 2133 4116 si
2172 4052 2334 4116 hinc
2373 4052 2669 4138 indeque
2708 4054 3001 4142 sumptis
3102 4084 3153 4121 25

875 4166 1225 4250 Partibus,
1267 4167 1340 4232 in
1381 4167 1604 4232 medio
1645 4169 1955 4255 spacium
1995 4171 2445 4258 comprensile
2483 4172 2777 4258 linquaS.

1034 4359 1246 4420 Stante
1279 4361 1556 4438 minim0‚
1589 4383 1808 4443 nempe
1843 4362 2097 4423 definita
2140 4366 2233 4442 (ut
2276 4366 2461 4426 etiam
2506 4387 2579 4426 ex
2628 4377 2803 4445 parte
2854 4369 3146 4431 materiae
3173 4332 3475 4452 2⁴16ss

743 4473 830 4535 30
876 4485 1118 4558 oportet
1155 4480 1317 4555 esse)
1359 4479 1552 4559 prima
1587 4488 1786 4558 parte,
1823 4501 1944 4540 non
1980 4482 2174 4541 omnis
2208 4482 2370 4543 linea
2400 4484 2463 4542 in
2493 4483 2646 4544 duas
2678 4486 2909 4566 parteis
2939 4505 3153 4566 aequa-
