3738 5268
1087 525 1394 572 Anmcvm
1436 524 1779 570 Anvmzsvs
1822 523 2353 570 MArnmrA'mcos
2786 508 2864 566 45

585 708 654 766 et
698 724 877 767 unus
924 700 1237 788 angulus,
1278 702 1382 767 95.
1432 701 1965 787 Triangulorum
2023 700 2532 788 sphaericorum
2580 698 2867 764 scientia

586 832 661 895 in
698 854 779 896 ea
817 855 990 916 quae
1028 838 1133 896 est
1170 831 1253 896 de
1292 831 1666 896 rectilineis
1722 831 2147 918 implicatur,
2198 828 2628 894 considerato
2686 825 2869 912 quod

584 982 780 1026 arcus
817 984 942 1047 per
979 959 1266 1027 chordas
1305 958 1757 1043 definiuntur,
1799 968 1869 1024 et
1909 959 2308 1024 subtensum
2351 963 2555 1041 atque
2594 955 2872 1020 subten-

583 1089 752 1153 dens
790 1096 1031 1153 mutuo
1070 1094 1232 1153 sunt
1271 1108 1608 1153 mensura.

495 1335 537 1398 ὃ
1366 1318 1929 1395 MEMBRVM
1985 1318 2084 1391 X.

1568 1512 1753 1579 Orvs
1799 1514 1905 1579 35.

762 1682 1117 1761 Quomodo
1187 1683 1615 1769 triangulum
1683 1683 2050 1749 minimum
2122 1683 2552 1767 intelligam?
2620 1683 2723 1748 Ex
2787 1682 2874 1747 iis

587 1836 758 1898 quae
797 1812 880 1876 de
919 1811 1206 1877 minimo
1245 1811 1431 1876 dicta
1479 1819 1658 1877 sunt.
1701 1812 1805 1875 36.
1846 1812 1946 1877 Ut
1984 1810 2374 1897 triangulus
2412 1810 2874 1894 aequilaterus

585 1962 668 2003 ex
706 1938 868 2004 data
909 1939 1093 2004 linea
1132 1937 1621 2003 constituitur?
1661 1938 1906 2002 Mutuo
1953 1943 2411 2003 extremorum
2459 1944 2874 2025 punctorum

460 2070 540 2133 10
586 2066 1040 2132 circumfluxu
1078 2066 1165 2154 (ο)
1203 2065 1266 2130 A
1299 2073 1370 2130 et
1398 2064 1459 2129 Β
1493 2065 1566 2129 in
1599 2070 1936 2152 punctum
1968 2064 2041 2130 (3.
2074 2066 2180 2130 37.
2219 2066 2318 2133 Ut
2354 2066 2612 2152 migrat
2649 2066 2873 2154 dupli-

586 2201 780 2261 catus
826 2195 902 2259 in
948 2192 1355 2259 rhombum?
1404 2191 1480 2256 Si
1534 2191 1598 2256 A
1657 2197 1727 2256 et
1787 2191 1847 2255 Β
1903 2190 2195 2257 subinde
2254 2192 2739 2258 circumfluant
2796 2194 2869 2259 in

587 2327 923 2408 punctum
950 2318 1033 2383 D.
1073 2319 1177 2384 38.
1203 2318 1302 2385 Ut
1339 2317 1549 2405 triplo
1588 2316 1958 2382 maiorem?
1992 2316 2248 2383 Positis
2283 2318 2541 2384 centris
2579 2318 2633 2383 O
2673 2326 2743 2385 et
2780 2320 2869 2403 D,

586 2447 912 2532 quoffrum
945 2446 1128 2512 circa
1160 2445 1452 2511 alterum
1478 2444 1569 2530 A,
1593 2445 1774 2510 circa
1806 2445 2100 2511 alterum
2130 2468 2292 2511 vero
2318 2447 2378 2510 Β
2403 2446 2863 2532 circumfluat3
2914 2459 2974 2521 d.
3010 2461 3111 2522 5¹·

585 2595 879 2658 moxque
916 2572 1107 2638 fluxu
1147 2570 1270 2636 CA
1306 2569 1640 2659 producto
1680 2571 1753 2636 in
1794 2570 1856 2636 Gr
1896 2577 1966 2637 et
2004 2571 2119 2636 CB
2150 2571 2224 2637 in
2259 2572 2347 2657 H,
2380 2572 2491 2637 vel
2525 2571 2656 2638 GA
2690 2574 2763 2639 in
2796 2573 2868 2660 O,

457 2705 539 2768 15
584 2702 716 2766 ΗΒ
754 2702 828 2765 in
865 2701 937 2765 C.
976 2703 1081 2766 39.
1122 2701 1220 2767 Ut
1252 2700 1680 2785 triangulum
1713 2722 1797 2764 ex
1814 2699 2055 2764 tribus
2086 2699 2268 2766 datis
2300 2700 2501 2765 lineis
2535 2700 2868 2767 efficiam?

585 2828 659 2892 Si
697 2825 1160 2912 aequilaterus
1194 2825 1267 2891 in
1295 2849 1434 2892 una
1466 2824 1756 2890 duorum
1796 2825 2208 2891 circulorum
2246 2825 2517 2912 aequali
2556 2825 2876 2892 dimidia-

583 2961 802 3020 metro
840 2955 924 3042 ζ)
952 2952 1079 3018 ΑΒ
1119 2953 1449 3040 capiatur.
1491 2952 1566 3016 Si
1604 2952 2074 3037 aequicruruS‚
2117 2952 2499 3039 inaequalis
2537 2954 2721 3020 ultra
2759 2956 2871 3021 vel

584 3082 768 3147 infra
810 3087 1122 3146 centrum
1163 3079 1478 3167 capiatur
1516 3078 1798 3162 ibidem,
1832 3086 1954 3144 aut
1993 3080 2232 3166 iniquo
2264 3079 2478 3147 latere
2511 3082 2598 3147 ad
2632 3082 2873 3149 circuli

583 3205 1045 3293 peripheriam
1077 3203 1624 3287 adcommodato,
1651 3203 1843 3270 cuius
1877 3203 2383 3270 semidiameter
2405 3206 2528 3271 uni
2555 3206 2874 3274 datorum

451 3339 541 3403 20
585 3332 887 3399 crurium
937 3338 1040 3397 est
1088 3331 1422 3417 aequalis,
1469 3338 1547 3396 ut
1594 3338 1787 3419 patet
1832 3332 1907 3397 in
1957 3330 2158 3396 CNE.
2199 3331 2273 3397 Si
2310 3333 2666 3418 gradatus,
2708 3341 2875 3401 tunc

585 3484 667 3526 ex
707 3460 953 3527 maiori
990 3459 1499 3526 semidiametro
1538 3458 1630 3523 sit
1663 3458 1983 3543 circulus,
2006 3458 2243 3544 illique
2279 3460 2752 3527 concentricus
2790 3484 2875 3527 ex

585 3587 839 3670 media,
871 3596 941 3652 et
958 3586 1161 3653 facile
1194 3585 1787 3652 circumferentiae
1819 3585 2168 3650 interioris
2198 3584 2331 3652 duo
2363 3586 2627 3673 reliqua
2657 3588 2874 3654 latera

587 3713 1150 3800 applicabuntur,
1200 3719 1279 3778 ut
1326 3734 1410 3777 ex
1455 3712 1572 3777 aM
1618 3709 1759 3776 MA
1813 3711 1925 3777 Aa
1980 3718 2083 3776 est
2129 3709 2333 3775 AMa.
2380 3711 2487 3776 40.
2526 3712 2624 3779 Ut
2662 3713 2877 3778 trian-

587 3841 827 3926 gulum
865 3839 1341 3926 rectangulum
1380 3839 1453 3903 in
1492 3838 1844 3904 infinitum
1893 3860 2097 3925 super
2157 3837 2392 3903 eadem
2446 3846 2632 3904 recta
2691 3840 2874 3906 linea

455 3963 543 4027 25
589 3968 915 4034 variabo‘?
955 3968 1030 4032 Si
1069 3967 1161 4033 sit
1209 3967 1326 4032 illa
1366 3967 1779 4033 semicirculi
1818 3968 2183 4052 terminus3
2223 3976 2303 4035 ut
2345 3971 2421 4056 ᾖ)
2465 3994 2670 4059 super
2707 3972 2873 4056 GK,

589 4092 884 4179 angulus
932 4093 1165 4177 ΘΗΚ,
1217 4094 1379 4158 item
1430 4094 1623 4158 (ΗΚ.
1672 4097 1779 4160 41.
1818 4095 1918 4162 Ut
1955 4095 2307 4181 triangula
2353 4099 2726 4165 secundum
2776 4100 2877 4165 in-

590 4218 822 4284 finitas
852 4219 1189 4285 linearum
1227 4219 1482 4287 formas
1529 4226 1756 4285 stante
1815 4242 2014 4286 areae
2073 4221 2488 4306 aequalitate
2548 4225 2873 4292 variabo?

591 4346 667 4412 Si
704 4353 1036 4432 perpetuo
1074 4368 1277 4432 super
1314 4346 1715 4431 aequalibus
1752 4347 2035 4412 basibus
2083 4347 2266 4414 infra
2326 4349 2595 4415 easdem
2653 4353 2876 4437 paral-

602 4455 695 4463 *
1710 4461 1819 4467 μ
1915 4463 2008 4466 r—-
2029 4462 2148 4467 --.—

742 4498 776 4552 6
808 4496 1176 4550 ηαπιενατίοηε
1196 4496 1464 4564 ripeeuta5
1488 4461 1675 4564 {elii-p.
1694 4499 1783 4559 42,
1814 4463 1896 4550 10-
2004 4500 2064 4550 14
2097 4463 2374 4566 producto
2395 4501 2452 4552 in
2477 4465 2526 4552 Β
2648 4466 2740 4554 vel
2758 4469 2867 4560 Gk}
