3738 5268
1381 516 1472 560 DE
1515 517 1737 561 ausim
1782 517 2196 561 Exls'rsx'rm.
2815 502 2932 560 143

641 691 852 750 goras3
876 670 1013 751 ipsa
1037 669 1262 750 quippe
1287 669 1612 731 dissolutio
1637 672 1936 747 quaedam
1960 679 2079 748 est,
2112 691 2265 749 quae
2295 691 2414 731 non
2442 668 2562 731 nisi
2591 671 2930 750 composito

640 789 918 866 advenit,
978 785 1138 863 quod
1189 787 1419 847 nullum
1474 795 1571 848 est
1617 788 1988 867 substantia,
2047 788 2159 849 sed
2214 787 2650 863 adventitium;
2707 788 2934 865 alioqui

640 904 1047 966 substantiam
1082 922 1194 981 per
1229 904 1471 981 singula
1506 913 1813 964 momenta
1846 913 2246 981 mutaremus,
2287 903 2525 981 quando
2572 903 2826 964 effluxus
2871 912 2934 965 et

640 1021 903 1083 influxus
958 1041 993 1080 a
1035 1030 1246 1082 nostro
1284 1040 1542 1100 corpore
1597 1030 1660 1082 et
1710 1021 1774 1082 in
1826 1031 2105 1083 nostrum
2162 1042 2386 1101 corpus
2441 1029 2538 1083 est
2593 1022 2931 1082 continuus.

554 1139 594 1200 Οἱ

643 1139 845 1211 Quare
880 1137 1078 1198 solum
1111 1157 1223 1216 per
1272 1137 1652 1199 individuam
1699 1139 1936 1200 animae
1979 1139 2384 1201 substantiam
2426 1157 2634 1199 sumus
2675 1137 2739 1196 id
2773 1138 2936 1214 quod

643 1274 877 1331 summ,
916 1275 1097 1332 quam
1131 1255 1361 1315 circum
1396 1254 1588 1316 veluti
1625 1260 1902 1317 centrum
1936 1256 2243 1335 quoddam
2285 1255 2509 1332 ubique
2566 1263 2762 1315 totum
2807 1265 2935 1314 ato-

643 1392 880 1433 morum
916 1371 1358 1449 exglomeratio
1415 1373 1485 1431 fit
1539 1380 1602 1432 et
1651 1371 2113 1451 agglomeratiO.
2153 1372 2334 1434 Unde
2391 1391 2502 1452 per
2544 1370 2936 1432 nativitatem

645 1496 706 1548 et
741 1487 1113 1549 adolentiam
1167 1487 1423 1567 spiritus
1475 1489 1847 1550 architector
1885 1489 2252 1569 expanditur
2283 1492 2348 1550 in
2389 1488 2547 1548 hanc
2588 1507 2706 1562 qua
2741 1487 2937 1547 cousi-

643 1605 860 1666 stimus
896 1603 1142 1676 molem,
1180 1613 1244 1664 et
1278 1625 1313 1664 a
1344 1604 1527 1665 corde
1564 1604 1950 1683 diffunditur,
1986 1605 2047 1698 in
2077 1605 2238 1683 quod
2268 1603 2515 1664 tandem
2552 1602 2746 1664 veluti
2775 1601 2937 1662 telae

518 1717 599 1779 10
644 1720 824 1781 istius
867 1720 1129 1781 stamina
1163 1719 1536 1801 complicans
1578 1740 1717 1782 sese
1760 1722 2041 1801 recipiat,
2095 1729 2165 1782 ut
2218 1740 2294 1781 ex
2346 1718 2561 1781 eadem
2604 1738 2716 1798 per
2757 1736 2935 1793 quam

645 1845 1033 1914 processerat
1069 1837 1231 1898 viam
1267 1837 1729 1914 intraveratque
1764 1845 2032 1916 portam,
2081 1837 2336 1899 recedat
2379 1836 2621 1897 demum
2665 1842 2730 1894 et
2769 1851 2942 1911 egre·

644 1952 862 2012 diatur.
929 1952 1243 2014 Nativitas
1311 1973 1458 2032 ergo
1527 1963 1624 2015 est
1685 1955 1976 2034 expansio
2041 1955 2262 2033 centri,
2333 1953 2461 2013 vita
2532 1948 2935 2012 consistentia

645 2069 972 2149 sphaerae,
1010 2089 1175 2131 mors
1210 2071 1546 2132 contractio
1580 2071 1643 2132 in
1679 2079 1972 2131 centrum.

806 2191 839 2238 Ἱῖ
877 2187 970 2247 29.
1018 2187 1136 2246 Est
1173 2194 1235 2246 et
1268 2187 1750 2247 immortalitatis
1784 2193 2034 2248 nostrae
2070 2186 2519 2249 validissimum
2555 2204 2630 2245 ex
2664 2203 2735 2243 eo
2772 2181 2937 2261 prin-

520 2305 598 2367 15
646 2301 803 2379 cipio
868 2309 1317 2379 argumentum,
1376 2302 1538 2379 quod
1604 2302 1921 2365 individua
1975 2324 2130 2380 quae
2186 2303 2495 2378 aedificat,
2553 2300 2937 2377 agglomerat
2988 2274 2994 2280 ’

647 2418 1168 2496 exglomeratque‚
1210 2416 1476 2496 ordinat,
1519 2419 1819 2498 vivificat,
1858 2428 2091 2497 movet,
2129 2419 2375 2497 intexit,
2421 2427 2483 2479 et
2526 2427 2594 2478 ut
2634 2414 2936 2476 mirabilis

646 2536 855 2615 opifex
910 2544 1081 2598 tanto
1124 2534 1312 2617 ‘operi
1363 2547 1459 2599 est
1507 2539 1822 2619 praefecta
1875 2540 2247 2616 substantia,
2307 2538 2553 2598 minime
2609 2534 2937 2597 deterioris

647 2652 834 2713 debet
896 2673 1033 2715 esse
1092 2656 1460 2717 conditionis
1521 2656 1830 2734 (accidens
1891 2666 2107 2737 utpote
2168 2656 2500 2735 quoddam,
2566 2652 2936 2730 entelechia,

650 2771 923 2850 energia,
962 2773 1280 2833 harmonia
1302 2782 1365 2834 et
1389 2784 2072 2854 contemperamentum,
2107 2785 2175 2837 ut
2211 2776 2475 2836 omnium
2511 2770 2937 2853 stupidissima

516 2884 605 2947 20
651 2890 1017 2952 definierunt
1051 2892 1426 2953 Aristoteles
1461 2902 1525 2954 et
1559 2893 1857 2974 Galenus)
1902 2914 2081 2972 quam
2127 2914 2384 2973 corpora
2428 2913 2581 2969 quae
2625 2891 2939 2969 agglome-

650 3018 883 3088 rantur,
929 3010 1447 3089 exglomerantur,
1485 3011 1867 3087 ordinantur,
1917 3022 2264 3089 moventur,
2315 3019 2378 3073 et
2433 3013 2495 3071 in
2549 3011 2715 3072 illius
2762 3030 2940 3069 usum

654 3128 1056 3190 adsumuntur
1091 3131 1243 3191 haec
1276 3150 1529 3206 quorum
1565 3130 1912 3191 substantia
1948 3149 2091 3190 vere
2126 3137 2224 3189 est
2257 3136 2524 3189 aeterna.

814 3263 847 3309 “J
884 3248 977 3304 43.
1022 3247 1144 3306 Pro
1181 3246 1529 3307 conditione
1564 3268 1682 3323 qua
1716 3248 1915 3307 anima
1949 3267 2015 3307 se
2050 3246 2248 3323 gessit
2282 3247 2342 3305 in
2382 3266 2498 3305 uno
2537 3263 2822 3322 corpore,
2863 3242 2940 3303 ad

654 3367 819 3426 aliud
856 3366 1232 3427 sortiendum
1277 3368 1648 3445 disponitur,
1688 3368 1883 3443 inquit
1925 3369 2341 3447 Pythagoras,
2389 3364 2764 3442 Saduchimi,
2807 3364 2944 3423 Ori·

523 3487 608 3548 233
656 3507 846 3565 genes
883 3495 945 3549 et
978 3487 1084 3548 alii
1120 3506 1152 3546 e
1188 3487 1527 3547 Platonicis
1570 3487 1876 3565 permulti.
1915 3488 2132 3566 Itaque
2171 3508 2290 3549 non
2335 3494 2433 3547 est
2483 3495 2771 3561 tanquam
2821 3484 2941 3543 for·

657 3607 811 3667 tuita
844 3606 952 3666 illa
986 3606 1223 3665 sedium
1258 3606 1530 3681 mutatiO,
1568 3605 1727 3664 sicut
1761 3606 2026 3684 partium
2056 3626 2130 3666 ex
2164 3607 2385 3682 quibus
2421 3624 2717 3683 corporea
2746 3604 2942 3662 moles

660 3724 1133 3802 compaginatur.
1173 3722 1563 3802 Quapropter
1617 3722 1771 3781 aliae
1815 3743 1927 3800 per
1969 3743 2226 3802 corpora
2260 3724 2521 3782 humana
2562 3721 2937 3796 discurrunt,

659 3845 814 3905 aliae
850 3845 909 3903 in
946 3844 1197 3904 heroum
1232 3862 1451 3921 corpus
1496 3842 1921 3921 adsumuntur,
1959 3843 2116 3904 aliae
2169 3864 2315 3903 vero
2364 3844 2425 3902 in
2480 3842 2788 3903 deteriora
2839 3841 2944 3902 de·

658 3961 995 4022 turbantur.
1030 3960 1205 4019 Haec
1238 3959 1329 4018 illi
1362 3955 1464 4035 qui
1500 3970 1749 4019 aeterna
1783 3958 1983 4019 omnia
2016 3960 2277 4035 quadam
2319 3959 2702 4020 revolutione
2745 3959 2952 4035 exagi-

527 4076 615 4139 30
660 4086 789 4138 tata
821 4076 1175 4152 intelligunt
1211 4084 1456 4155 praeter
1491 4095 1688 4136 unum.
