3738 5268
1337 518 1428 562 m:
1468 515 1698 561 mmm
1738 515 2161 562 Exisrns'rm.
2781 504 2889 562 161

761 693 796 738 ⁴11
837 673 1063 735 Dicant
1111 692 1258 751 ergo
1312 672 1522 752 sophi:
1568 672 1865 733 terminus
1906 672 2186 733 adiectus
2243 675 2502 734 termino
2559 695 2681 734 non
2742 674 2893 735 facit

607 792 824 868 maius;
863 792 1160 853 terminus
1196 790 1364 850 nulla
1397 797 1495 851 est
1529 811 1703 870 paraq
1745 791 2041 851 terminus
2077 790 2130 850 si
2165 797 2451 868 tangeret
2481 810 2568 869 se,
2607 799 2737 852 toto
2770 799 2898 852 tan·

602 919 799 988 geret,
853 918 917 970 et
959 909 1100 970 ideo
1138 909 1489 986 magnitudo
1527 929 1647 969 non
1684 907 1982 968 conflatur
2025 928 2100 969 ex
2143 908 2423 968 terminis
2469 928 2581 969 seu
2621 912 2886 988 punctiS,

603 1026 884 1100 quisunt
933 1025 1256 1102 terminus,
1322 1045 1431 1085 seu
1481 1024 1730 1103 atomis,
1767 1024 1978 1101 lineis,
2016 1023 2486 1103 superficiebus,
2544 1045 2699 1102 quae
2751 1035 2895 1088 sunt

600 1144 863 1204 termini.
887 1143 1011 1203 Sed
1038 1143 1196 1203 bene
1223 1142 1583 1222 superficies
1629 1162 1851 1220 magna
1895 1140 2084 1200 habet
2130 1140 2438 1200 minimam
2474 1141 2538 1200 in
2565 1141 2891 1203 latitudine

514 1253 556 1317 5
604 1266 841 1337 partem
876 1260 1126 1336 lineam,
1163 1259 1526 1338 simpliciter
1560 1278 1707 1319 vero
1741 1264 2057 1337 punctum,
2108 1256 2438 1318 secundum
2482 1277 2618 1317 eam
2667 1257 2894 1334 signifi·

602 1377 902 1437 cationem
936 1398 1056 1454 qua
1089 1375 1397 1454 significat
1430 1376 1687 1455 primam
1716 1383 1980 1454 partem,
2016 1394 2139 1434 non
2174 1381 2378 1435 autem
2412 1375 2735 1435 terminum
2772 1394 2889 1450 quo

600 1496 796 1574 prima
815 1515 961 1574 pars
983 1495 1240 1574 primam
1274 1494 1541 1570 attingit.
1573 1493 1793 1568 Itaque
1820 1491 2078 1552 definias
2105 1491 2441 1570 minimum,
2478 1492 2638 1568 quod
2672 1493 2761 1554 ita
2796 1504 2893 1554 est

600 1632 774 1691 pare,
808 1620 878 1671 ut
910 1610 1041 1672 eius
1084 1611 1251 1670 nulla
1284 1611 1367 1670 sit
1408 1628 1553 1688 pars
1597 1609 1700 1670 vel
1735 1607 2100 1687 simpliciter
2143 1609 2244 1668 vel
2287 1606 2617 1669 secundum
2674 1630 2887 1688 genus·

601 1728 876 1788 Definias
903 1729 1253 1806 terminum,
1280 1727 1450 1787 cuius
1471 1727 1559 1786 ita
1591 1746 1711 1786 non
1747 1733 1844 1786 est
1879 1726 2083 1801 aliqua
2112 1744 2287 1804 pars,
2323 1732 2390 1784 ut
2416 1744 2613 1802 neque
2643 1727 2727 1788 sit
2753 1728 2888 1806 ipse

471 1842 556 1905 10
600 1849 804 1926 aliqua
838 1868 1006 1927 pars,
1045 1847 1158 1907 sed
1192 1854 1289 1906 est
1321 1866 1438 1923 quo
1477 1850 1813 1906 extremum
1848 1847 1925 1905 ab
1963 1851 2234 1904 extremo
2270 1844 2614 1924 attingitur,
2638 1846 2737 1907 vel
2768 1866 2885 1923 quo

600 1989 745 2048 pars
777 1974 1039 2046 partem,
1081 1966 1181 2027 vel
1216 1973 1410 2026 totum
1446 1963 1698 2042 attingit
1731 1972 1946 2024 totum.
1995 1964 2213 2039 Itaque
2248 1964 2417 2028 iuxta
2450 1963 2887 2042 magnitudinis

599 2081 840 2159 species
874 2088 971 2141 est
1007 2079 1322 2155 diversus;
1356 2078 1514 2138 alius
1552 2078 1711 2138 enim
1747 2087 1843 2138 est
1888 2079 2087 2139 lineae
2123 2079 2200 2138 ad
2235 2079 2494 2157 lineam,
2537 2081 2886 2160 superficiei

601 2196 680 2256 ad
715 2196 1127 2276 superficiem,
1168 2195 1443 2275 corporis
1479 2195 1557 2255 ad
1594 2215 1835 2274 corpus,

759 2318 793 2364 'fi
832 2315 1158 2390 Reliquum
1192 2332 1352 2373 nunc
1388 2320 1483 2373 est
1532 2312 1764 2389 videre,
1813 2333 1892 2373 an
1936 2322 2220 2391 oporteat
2261 2313 2361 2375 vel
2407 2316 2703 2376 terminos
2744 2336 2884 2378 esse

467 2429 551 2493 15
597 2430 890 2509 infinitos,
929 2452 1063 2491 cum
1090 2430 1204 2491 sub
1232 2429 1680 2507 significatione
1714 2429 2111 2490 terminorum
2145 2439 2407 2510 punctus
2441 2438 2701 2508 tangens
2735 2454 2885 2511 pun-

597 2557 784 2626 ctum,
824 2550 986 2610 linea
1026 2548 1253 2609 lineam
1295 2556 1358 2610 et
1411 2548 1772 2627 superficies
1816 2549 2205 2628 superficiem
2267 2568 2335 2609 se
2382 2555 2548 2610 totas
2603 2557 2877 2628 tangant.

596 2666 811 2744 Imm0‚
835 2667 1099 2747 inquam,
1122 2687 1320 2745 neque
1347 2668 1562 2727 horum
1592 2673 1793 2727 tactus
1824 2674 1943 2743 est;
1972 2676 2116 2728 sunt
2139 2667 2294 2727 enim
2332 2668 2550 2744 quibus
2579 2668 2649 2728 fit
2673 2675 2879 2731 tactus

596 2781 870 2861 aliorum,
892 2803 1014 2843 non
1036 2792 1239 2844 autem
1262 2803 1417 2860 quae
1446 2789 1706 2860 tangunt
1717 2805 1731 2860 ;
1762 2804 1882 2843 non
1911 2793 2055 2845 sunt
2077 2804 2232 2860 quae
2264 2785 2520 2846 haerent
2555 2793 2618 2847 et
2652 2784 2885 2847 faciunt

595 2909 919 2979 quantum,
956 2901 1069 2961 sed
1105 2902 1324 2978 quibus
1358 2901 1479 2961 alia
1506 2921 1576 2960 se
1607 2900 1975 2977 attingentia
2004 2902 2355 2980 contiguum
2394 2905 2494 2963 vel
2533 2904 2882 2967 continuum

466 3008 555 3071 ‘20
601 3016 891 3079 efficiunt.
935 3017 1061 3078 Sed
1098 3017 1369 3095 nunquid
1406 3017 1689 3095 quoniam
1724 3016 1891 3077 nulla
1931 3027 2074 3078 sunt
2114 3038 2284 3096 pare,
2324 3025 2389 3079 et
2430 3022 2715 3098 apposita
2757 3044 2881 3084 non

598 3133 830 3194 faciunt
864 3135 1081 3209 maius,
1125 3142 1188 3195 et
1225 3155 1301 3194 ex
1333 3135 1432 3195 his
1469 3142 1914 3212 consequenter
1948 3155 2068 3195 non
2102 3136 2377 3212 sequitur
2409 3137 2773 3216 compositio
2819 3149 2882 3200 et

596 3251 946 3328 integratiO,
979 3251 1120 3311 ideo
1154 3259 1297 3310 sunt
1330 3251 1591 3311 infiniti?
1621 3251 1872 3312 Minime
1903 3271 2075 3327 vero;
2098 3252 2202 3311 ubi
2239 3251 2398 3311 enim
2434 3263 2647 3331 partes
2684 3274 2880 3331 neque

597 3377 737 3429 actu
770 3388 966 3446 neque
1000 3368 1277 3448 potentia
1310 3378 1454 3429 sunt
1486 3369 1787 3442 infinitae,
1840 3369 2084 3446 quinam
2135 3369 2379 3429 termini
2435 3371 2699 3448 partium
2741 3391 2885 3449 pos-

598 3494 741 3546 sunt
794 3506 932 3546 esse
981 3485 1247 3545 infiniti?
1280 3486 1504 3546 Finitis
1557 3486 1784 3564 quippe
1839 3485 2245 3546 existentibus
2297 3486 2602 3564 partibus,
2640 3487 2882 3550 illarum

464 3593 550 3657 25
596 3623 744 3664 sane
776 3623 897 3662 non
933 3609 1144 3682 potest
1178 3601 1481 3663 infinitum
1516 3623 1654 3664 esse
1688 3602 2025 3683 quippiam,
2056 3612 2350 3681 tantoque
2385 3605 2584 3681 magis
2616 3606 2722 3665 ubi
2750 3627 2886 3685 par-

598 3729 691 3780 tes
738 3727 883 3779 sunt
936 3719 1257 3780 continuae
1309 3704 1372 3780 e't
1412 3718 1494 3778 ad
1546 3719 1807 3780 invicem
1851 3719 2200 3799 copulatae,
2246 3722 2350 3780 ubi
2393 3740 2549 3782 unus
2583 3723 2881 3785 terminus

593 3858 840 3918 semper
889 3846 986 3899 est
1039 3838 1292 3898 duarum
1346 3838 1611 3917 partium
1658 3838 2025 3913 communis;
2077 3836 2338 3915 ideoque
2381 3839 2443 3899 in
2479 3859 2735 3919 corpore
2771 3861 2882 3902 seu

598 3956 903 4037 profundo
939 3955 1209 4016 continui
1241 3976 1363 4016 non
1396 3957 1603 4035 plures
1636 3962 1901 4035 possunt
1934 3976 2070 4016 esse
2116 3956 2380 4034 termini,
2427 3978 2606 4035 quam
2650 3970 2881 4038 partes·

595 4074 671 4133 In
699 4073 1023 4152 superficie
1056 4074 1227 4150 item,
1268 4094 1386 4149 qua
1419 4093 1663 4151 semper
1694 4092 1915 4152 corpus
1949 4072 2158 4132 finitur
2190 4072 2268 4133 ad
2305 4073 2489 4136 aliud.

463 4177 551 4239 30
754 4191 785 4236 *ss
822 4196 859 4252 2
906 4198 968 4252 et
1014 4194 1105 4252 14.
1150 4191 1571 4252 Termiuorum
1628 4212 1776 4269 ergo
1831 4191 2109 4270 potentia
2152 4199 2214 4251 et
2256 4202 2428 4253 actus
2470 4194 2734 4273 partium
2767 4216 2877 4274 po·
2921 4216 3004 4278 p.
3041 4202 3163 4265 31

595 4311 847 4372 tentiam
884 4318 946 4370 et
981 4317 1181 4370 actum
1215 4318 1679 4387 consequuntur.
1720 4311 1799 4369 Et
1833 4316 1903 4370 ut
1944 4311 2207 4390 partium
2243 4311 2322 4371 ad
2377 4332 2489 4390 par
2535 4319 2598 4373 et
2648 4315 2870 4393 impar,

636 4457 1639 4467 fflQ—m-——g-mj
1718 4462 1737 4465 ,
1784 4461 2100 4466 ,---7,--,-

597 4536 657 4586 16
689 4533 780 4600 qui
805 4537 1086 4599 tangant?
1111 4551 1136 4585 6
1160 4534 1333 4586 invecc
1351 4538 1421 4584 24
1442 4535 1674 4586 infiniti.
1703 4551 1859 4585 senza
1880 4533 2266 4600 interroyativo
2391 4537 2454 4585 24
2487 4535 2876 4591 existantibus

862 4630 1015 4671 namu
1053 4631 1162 4679 ΟΜ).
1187 4632 1267 4669 lut.
1294 4631 1330 4679 1,
1355 4631 1397 4668 3.
2508 4630 2556 4669 21
