3738 5268
1108 509 1417 555 Annovm
1456 509 1799 555 Anvnasvs
1838 511 2371 557 MA'rmmA'rlcos.
2786 496 2863 554 21

594 685 872 752 Amoris
917 687 1139 771 figura
1186 692 1654 776 nuncupatur,
1703 687 2261 774 quandoquidem
2299 685 2689 752 substantia
2725 686 2879 751 uni-

594 811 776 876 versi
823 817 973 877 tum
1028 813 1377 879 contraria
1432 819 1560 896 est,
1612 819 1762 879 tum
1811 833 2085 897 quoque
2140 832 2452 894 concors,
2510 816 2754 897 utpote
2799 809 2876 876 in

592 935 1082 1002 contrarietate
1105 924 1541 1004 concordiam
1573 944 1643 1003 et
1673 938 1749 1003 in
1786 935 2154 1004 concordia
2191 935 2772 1017 contrarietatem,
2798 934 2874 1000 in

590 1061 847 1127 unione
891 1061 1411 1130 distinctionem
1458 1064 1534 1130 in
1578 1063 2029 1129 distinctione
2073 1061 2428 1144 unionem,
2477 1060 2554 1125 in
2599 1059 2875 1126 unitate

504 1191 548 1256 5
592 1189 1108 1257 multitudinem
1145 1192 1221 1257 in
1258 1190 1707 1258 multitudine
1744 1191 2085 1258 unitatem
2116 1194 2451 1278 perpetuo
2491 1209 2873 1255 reservans,

590 1312 1193 1381 Foecundissimae
1230 1324 1393 1382 sunt
1428 1317 1720 1402 figurae,
1758 1338 1932 1401 quae
1959 1338 2100 1382 non
2138 1314 2360 1381 solum
2391 1312 2874 1400 geometriam,

590 1436 711 1503 sed
747 1445 816 1503 et
853 1461 1125 1505 omnem
1162 1440 1450 1525 sciendi,
1489 1442 2005 1530 contemplandi
2051 1447 2122 1507 et
2158 1439 2490 1529 operandi
2533 1438 2876 1504 rationem

591 1564 905 1651 apprime
948 1565 1286 1651 referunt,
1334 1566 1588 1652 quibus
1628 1573 1811 1632 certe
1846 1567 1996 1633 sine
2036 1567 2046 1651 Ι
2088 1564 2363 1631 defectu
2400 1586 2542 1630 non
2578 1569 2876 1652 possunt
2922 1567 2980 1630 b
3006 1568 3115 1630 4⁹

591 1714 735 1758 esse
771 1693 1130 1779 pauciores
1175 1701 1246 1760 et
1282 1695 1840 1782 supervacuitate
1886 1694 2137 1782 plures.
2186 1695 2273 1760 In
2317 1694 2876 1782 praesentiarum

460 1822 546 1887 10
589 1823 819 1885 autem
865 1818 1381 1886 evidentissime
1418 1820 1784 1908 apparebit
1824 1842 1966 1886 non
2004 1821 2227 1888 solum
2262 1806 2686 1907 geometriae
2726 1821 2878 1886 nul-

589 1945 734 2011 lum
769 1968 967 2034 opuS,
1007 1946 1126 2014 sed
1162 1970 1290 2014 nec
1326 1949 1535 2014 etiam
1567 1949 1931 2014 universae
1961 1948 2344 2016 matheseos
2376 1949 2554 2015 citra
2583 1949 2877 2016 istarum

588 2091 900 2137 normam
938 2094 1137 2159 posse
1158 2071 1463 2139 inveniri
1483 2071 1597 2138 vel
1619 2073 2019 2160 imaginari,
2046 2081 2116 2140 et
2141 2080 2639 2159 consequenter
2659 2080 2877 2139 caete-

588 2219 826 2264 rarum
856 2221 1065 2287 opera
1100 2197 1514 2266 facultatum
1551 2206 1622 2265 et
1652 2200 1940 2284 artium,
1976 2222 2151 2287 quae
2186 2221 2330 2265 non
2368 2200 2517 2265 sine
2546 2198 2873 2283 mathesi,

588 2325 769 2392 sicut
792 2333 976 2392 certe
999 2348 1127 2392 nec
1155 2347 1601 2393 numerorum
1630 2327 2020 2393 rationibus
2052 2348 2466 2412 suorumque
2497 2329 2874 2393 momento-

460 2460 542 2524 15
585 2471 742 2517 rum
778 2450 1408 2538 magnitudinibus,
1448 2452 1856 2521 consistunt.

1294 2625 1598 2714 Figurae
1636 2626 1894 2693 Mentis
1930 2632 2097 2693 nota
2135 2626 2221 2714 Θ

1297 2754 1599 2842 Figurae
1636 2756 2039 2821 Intellectus
2081 2757 2161 2842 D

1295 2878 1598 2965 Figurae
1637 2879 1914 2946 Amoris
1962 2889 2030 2956 *
2080 2943 2100 2960 ‚

1505 3200 1613 3255 DE
1660 3201 1971 3257 MINIMO.
2918 3194 2975 3254 b
3011 3195 3114 3258 5¹⁸

451 3378 541 3442 20
1151 3351 1713 3431 MEMBRVM
1796 3349 2310 3428 TERTIVM.

1379 3611 1769 3677 Ana-mvnvs
1812 3630 2076 3676 anvs.

762 3811 1172 3899 Ignorantia
1217 3813 1489 3879 minimi
1533 3813 1705 3879 facit
1749 3821 2135 3901 geometras
2180 3814 2386 3882 huius
2433 3814 2688 3881 saeculi
2727 3838 2872 3882 esse

584 3949 1004 4029 geametras,
1044 3952 1113 4011 et
1146 3943 1589 4032 philosophos
1621 3969 1766 4012 esse
1792 3945 2255 4034 philasophos.
2294 3949 2355 4012 2.
2387 3947 2463 4013 Si
2499 3948 2865 4015 minimum

586 4096 729 4142 non
766 4077 1110 4161 subsistit,
1148 4078 1327 4144 m'hil
1364 4080 1695 4147 subsistat
1733 4087 2025 4168 oportet.
2064 4083 2124 4146 3.
2161 4081 2237 4147 Si
2275 4081 2638 4148 minimum
2678 4088 2865 4148 certa

457 4208 544 4273 25
590 4200 861 4267 ratione
924 4224 1068 4269 non
1133 4211 1614 4291 cognoscatur,
1676 4212 2015 4291 quantum
2075 4207 2343 4272 nullum
2412 4211 2867 4292 cognoscatur

770 4464 801 4514 7
835 4465 1073 4532 optandi
1204 4466 1263 4514 12
1290 4473 1645 4517 costen-arum
