3738 5268
822 472 937 530 126
1479 482 1758 528 mamm
1799 483 2004 528 imvm
2046 484 2136 527 ms:
2175 484 2438 528 ummo.

817 637 959 691 cip,
1033 636 1083 690 3.
1122 635 1460 691 Sensitivae
1514 642 1912 709 externaeque
1950 621 2252 709 potentiae
2290 644 2384 694 est
2426 639 2615 711 primo
2652 638 2939 693 circulum

1244 731 1689 804 apprehendere
1723 777 2769 792 ..............................
2791 734 2940 804 Pag.
3035 731 3102 785 57

1027 830 1079 884 4.
1117 829 1338 885 Verum
1370 829 1656 887 circulum
1687 831 1920 887 finitum
1947 850 2062 887 non
2093 850 2226 888 esse
2252 833 2313 887 in
2340 839 2555 888 natura
2574 831 2937 905 possibilem.
3029 830 3097 883 61

1033 929 1081 985 5.
1121 930 1287 985 Duas
1334 930 1560 1000 figuras
1615 930 1887 986 lineasve
1934 932 1995 987 in
2027 932 2037 1003 Ι
2067 932 2320 987 materia
2373 932 2611 987 omnino
2660 929 2940 1002 aequales
3145 923 3207 970 a
3231 909 3342 971 3*

731 1018 774 1083 5
1245 1026 1579 1096 ostendere,
1600 1035 1704 1083 aut
1722 1027 1815 1084 bis
1845 1028 2094 1084 eandem
2116 1036 2403 1101 repetere,
2433 1027 2800 1100 impossibile
2833 1032 2943 1082 est.
3035 1025 3104 1078 66

1037 1126 1087 1180 6.
1125 1124 1412 1181 Excursio
1442 1127 1692 1198 physica
1721 1128 1798 1182 ad
1830 1127 2064 1183 animae
2094 1134 2371 1183 naturam
2410 1126 2946 1199 contemplandam.
3037 1125 3110 1179 73

1037 1224 1087 1279 7.
1130 1224 1302 1280 Plato
1334 1224 1616 1280 circulum
1639 1224 1783 1280 dicit
1809 1225 2210 1297 polygoniam,
2241 1230 2433 1280 totum
2464 1224 2762 1296 angulum,
2795 1242 2949 1279 com-

1251 1321 1511 1393 positum
1542 1339 1616 1377 ex
1651 1329 1814 1378 recto
1856 1329 1918 1378 et
1953 1340 2133 1379 curvo
2150 1365 2700 1379 ................
2725 1366 2732 1374 .
2760 1364 2946 1378 ......
3039 1322 3109 1375 75

1035 1419 1087 1473 8.
1128 1418 1524 1490 Polygoniam
1551 1437 1669 1475 non
1697 1437 1965 1476 crescere
1997 1420 2255 1490 minimo,
2285 1437 2476 1491 neque
2505 1418 2788 1474 circulum
2795 1460 2951 1474 .....
3041 1418 3109 1470 77

694 1514 781 1579 lO
902 1541 925 1566 ι
1038 1516 1089 1571 9.
1128 1515 1355 1587 Corpus
1385 1534 1495 1572 nec
1544 1516 1739 1589 seipso
1786 1534 1896 1572 nec
1943 1524 2114 1589 parte
2151 1517 2244 1572 sui
2295 1523 2545 1589 tangere
2594 1534 2809 1587 corpus
2848 1520 2952 1570 aut

1249 1615 1490 1686 planum
1505 1657 2949 1672 .........................................
3038 1615 3110 1669 84

903 1737 925 1761 »
1007 1714 1089 1768 10.
1126 1714 1374 1768 'Pactum
1405 1731 1538 1769 esse
1558 1713 1616 1768 in
1640 1713 1911 1784 minim0‚
1939 1721 2000 1770 et
2029 1713 2427 1770 differentiam
2460 1732 2591 1770 esse
2621 1715 2779 1769 inter
2798 1713 2953 1784 quod

1248 1819 1310 1867 et
1339 1829 1454 1885 quo
1486 1813 1683 1883 tangit
1691 1856 2812 1870 ................................
2838 1854 2845 1861 -
2870 1856 2882 1868 .
2906 1855 2915 1866 .
2942 1856 2952 1866 .
3041 1811 3115 1865 85

900 1938 921 1964 ι
1009 1916 1089 1969 11.
1129 1911 1430 1981 Quomodo
1462 1913 1675 1984 globus
1715 1913 1958 1984 globum
1996 1919 2056 1969 et
2088 1896 2330 1985 planum
2368 1921 2579 1985 tangat
2609 1914 2667 1968 in
2708 1918 2952 1986 puncto.

699 2011 782 2078 15
1252 2029 1372 2067 non
1409 2010 1694 2083 intelligit
1734 2012 1951 2085 vulgus
1976 2056 2848 2071 .........................
2867 2057 2883 2082 .·
2909 2057 2953 2068 ..
3043 2011 3115 2066 86

898 2137 922 2164 ι
1006 2113 1088 2167 12.
1131 2110 1275 2178 Cur,
1318 2114 1519 2166 stante
1565 2115 1841 2166 contactu
1889 2111 1951 2166 in
1989 2118 2196 2184 punto,
2228 2111 2485 2168 circulus
2535 2110 2725 2166 maior
2773 2109 2950 2166 citius

1255 2213 1529 2265 movetur
1556 2226 1738 2281 super
1768 2208 1977 2265 eodem
2006 2210 2183 2282 plano
2222 2226 2398 2280 quam
2438 2208 2630 2264 minor
2653 2248 2955 2265 .........
3043 2206 3117 2261 88

902 2332 926 2359 2
1007 2308 1090 2365 13,
1130 2306 1383 2380 Obliqua
1412 2307 1629 2363 cadens
1660 2307 1719 2363 in
1762 2308 2005 2380 planum
2035 2326 2154 2363 non
2184 2308 2381 2379 tangit
2416 2308 2479 2363 in
2508 2314 2725 2379 puncto
2731 2349 2956 2362 .......
3044 2304 3114 2359 89

903 2431 927 2458 »
1010 2408 1095 2462 14.
1136 2404 1441 2475 Quomodo
1471 2423 1545 2461 ex
1575 2410 1740 2461 tactu
1779 2405 1837 2460 in
1886 2411 2103 2478 puncto
2136 2404 2520 2476 consignetur
2547 2410 2714 2460 recta
2738 2404 2956 2460 circulo

697 2509 788 2574 20
1256 2502 1539 2574 aequalis,
1574 2508 1634 2558 et
1661 2501 2027 2558 infinitorum
2055 2506 2406 2575 punctorum
2423 2502 2764 2558 successiva
2796 2506 2959 2557 tran-

1264 2598 1403 2656 sitio
1432 2599 1494 2654 in
1520 2605 1785 2673 tempore
1817 2599 1984 2656 finito
2017 2641 2958 2656 ...........................
3046 2597 3115 2651 91

909 2724 932 2749 ι
1016 2701 1097 2755 15.
1137 2698 1226 2755 Ex
1262 2698 1485 2754 virtute
1528 2696 1970 2753 consuetudinis
2009 2697 2285 2754 credendi
2315 2696 2486 2753 falsis
2526 2714 2736 2752 sensus
2777 2696 2958 2751 etiam

1260 2796 1389 2868 ipse
1417 2796 1799 2868 perturbatur
1805 2837 2957 2853 .................................
3050 2793 3122 2845 94

1557 3004 1680 3061 111.
1725 3005 2066 3062 Iuventio
2108 3004 2409 3062 minimi.

703 3178 791 3242 25
838 3179 979 3236 CAt‘.
1056 3182 1103 3236 1.
1144 3177 1456 3234 Dotrinam
1493 3194 1701 3233 veram
1739 3195 1812 3232 ex
1849 3175 2055 3247 paucis
2094 3182 2155 3232 et
2201 3175 2549 3231 clarissimis
2588 3175 2784 3230 omnia
2830 3192 2963 3229 con-

1265 3278 1501 3333 cludere
1515 3316 2961 3334 .........................................
3052 3275 3120 3328 97

1050 3380 1100 3436 2.
1143 3378 1232 3433 Ex
1282 3375 1527 3432 minimo
1572 3374 1789 3431 crescit
1819 3380 1881 3429 et
1920 3374 1982 3428 in
2020 3373 2328 3428 minimum
2380 3380 2734 3429 extenuatur
2771 3373 2960 3428 omnis

1263 3476 1611 3549 magnitudo
1628 3515 2961 3532 ......................................
3055 3473 3127 3526 98

918 3604 940 3630 »
1053 3578 1103 3634 3.
1143 3577 1444 3647 Angulum
1477 3575 1657 3630 etiam
1688 3572 1919 3630 Euclidi
1949 3575 2081 3645 plus
2122 3590 2298 3645 quam
2329 3572 2387 3626 in
2420 3571 2569 3626 duas
2607 3578 2808 3643 partes
2848 3589 2960 3626 non

708 3681 797 3748 30
1268 3672 1454 3728 dividi
1487 3710 2962 3728 ..........................................
3025 3670 3126 3723 104

1054 3776 1105 3830 4.
1145 3773 1422 3830 Centrum
1444 3788 1555 3827 non
1580 3788 1713 3827 esse
1735 3769 2051 3826 terminum
2078 3768 2337 3823 omnium
2358 3768 2647 3823 linearum
2667 3785 2703 3822 a
2724 3766 2967 3822 circum-

1267 3869 1522 3925 ferentia
1529 3907 2967 3925 ........................................
3025 3866 3126 3919 106

1057 3973 1107 4028 5.
1148 3971 1231 4027 Ut
1267 3969 1342 4025 ad
1380 3974 1916 4041 quantumcumque
1963 3965 2270 4020 minimum
2302 3965 2429 4020 sine
2469 3981 2668 4019 errore
2710 3962 2966 4035 positive

1272 4068 1378 4123 fiat
1412 4066 1758 4138 progressio
1773 4104 2717 4121 ..........................
2745 4108 2746 4111 ,
2777 4104 2968 4117 ......
3028 4062 3130 4116 108

714 4166 802 4232 35
920 4193 942 4219 »
1060 4168 1109 4223 6.
1149 4164 1468 4223 Doctrinae
1510 4163 1581 4220 de
1618 4162 1815 4235 alogis
1854 4169 1917 4218 et
1946 4161 2326 4234 asymmetris
2358 4167 2610 4216 matrem
2643 4177 2775 4215 esse
2803 4161 2969 4231 igno·

1272 4264 1533 4321 tantiam
1562 4263 1788 4319 minimi
1815 4304 2684 4319 .........................
2711 4308 2715 4312 .
2744 4303 2927 4317 ......
2957 4303 2969 4315 .
3025 4259 3131 4314 110

1063 4364 1113 4419 7.
1151 4362 1299 4418 Pars
1331 4368 1818 4434 quantacumque,
1851 4366 2034 4437 quota
2085 4359 2166 4413 sit
2211 4358 2421 4422 totius,
2462 4359 2860 4429 examinatur,
2912 4364 2973 4413 et

1275 4459 1514 4517 tabulae
1546 4459 1781 4515 sinuum
1812 4457 2172 4514 abiiciuntur
2179 4498 2971 4512 .......................
3031 4457 3131 4509 111
