3738 5268
1070 506 1384 551 Aarxcvm
1425 506 1770 552 Anvnasvs
1809 506 2346 553 MATHEMATICOS.
2774 494 2852 553 33

553 683 944 770 quaerendo
980 688 1191 770 quota
1237 704 1398 770 pars
1446 687 1551 747 est
1595 680 1802 766 haec,
1855 682 2051 748 cuius
2098 687 2327 747 totum
2385 688 2491 748 est
2547 687 2656 749 tot
2701 705 2856 769 par-

554 814 760 900 tium,
799 837 865 880 v.
903 836 968 900 g.
1009 818 1399 879 trecentum
1436 811 1839 897 sexaginta?
1880 817 1950 876 et
1995 811 2164 877 haec
2211 811 2524 897 quaestio
2573 819 2678 878 est
2723 835 2851 900 pro

555 939 1021 1007 mensurantis
1081 939 1372 1006 arbitrio
1434 945 1504 1004 et
1563 938 1978 1021 intentione;
2044 939 2207 1025 quia
2272 961 2414 1005 non
2451 938 2633 1005 ratio
2671 962 2849 1025 rem,

522 1046 668 1133 ‘sed
726 1089 835 1133 res
895 1066 1237 1133 rationem
1293 1066 1790 1154 persequitur),
1852 1066 2080 1154 prima
2151 1066 2600 1134 mensurandi
2665 1068 2847 1134 ratio

464 1197 507 1260 ὅ
552 1193 739 1280 apud
777 1200 1049 1260 nostros
1078 1192 1272 1259 nulla
1306 1200 1436 1278 est,
1460 1199 1705 1281 utpote
1736 1216 1962 1280 neque
1992 1194 2234 1260 habita
2271 1217 2494 1281 neque
2544 1202 2847 1280 tentata,

550 1323 869 1408 sesscunda
907 1346 1050 1390 non
1082 1323 1361 1410 quidem
1397 1323 1667 1409 habita,
1708 1322 1827 1389 sed
1862 1322 2126 1389 frustra
2166 1323 2478 1409 quotidie
2511 1327 2845 1388 tentatur.

1309 1660 1875 1737 MEMBRVM
1956 1663 2098 1739 VI.

1496 1844 1604 1901 DE
1654 1844 1914 1901 LINEA.

1418 2103 1808 2171 Anncvnvs
1853 2104 1959 2170 61.

417 2332 504 2396 10
724 2315 1043 2400 Lineam,
1072 2288 1248 2402 quae
1280 2312 1660 2380 secundum
1689 2312 2202 2400 longitudinem
2246 2321 2528 2383 tantum
2571 2323 2841 2405 partem

544 2442 756 2508 habet
801 2446 872 2507 et
916 2440 1111 2506 nulla
1148 2445 1255 2505 est
1289 2462 1484 2528 parS,
1526 2440 1904 2506 terminum
1951 2442 2252 2528 appell0,
2297 2464 2507 2527 quam
2555 2442 2842 2509 definire

546 2588 688 2632 non
725 2573 830 2632 est
874 2565 1237 2631 minimam
1282 2564 1569 2632 definire
1625 2566 2099 2650 latitudinem3
2147 2566 2403 2633 lineam
2451 2591 2612 2633 vero
2663 2590 2840 2654 quae

547 2695 836 2762 minima
901 2716 1064 2782 pars
1137 2700 1269 2780 est,
1340 2694 1548 2761 aliam
1623 2694 1903 2780 quidem
1969 2695 2192 2783 plani,
2268 2696 2464 2762 cuius
2537 2695 2838 2762 latitudo

545 2829 886 2911 punctum
923 2843 1065 2888 non
1102 2820 1398 2907 excedit,
1440 2843 1523 2886 ex
1559 2822 1840 2909 punctis
1878 2821 1954 2887 in
1999 2824 2289 2910 longum
2336 2823 2690 2911 dispositis
2739 2824 2838 2907 (in

414 2956 499 3022 15
545 2972 841 3036 quorum
905 2947 1561 3035 multiplicationem
1628 2947 1899 3030 defluit)
1968 2948 2286 3036 intelligo
2355 2952 2835 3040 compositam,

544 3079 751 3144 aliam
790 3099 1102 3165 quoque,
1141 3100 1389 3165 nempe
1425 3075 1661 3163 solidi,
1726 3099 1902 3163 quae
1962 3100 2046 3142 ex
2103 3079 2352 3146 atomis
2412 3080 2489 3145 in
2547 3082 2836 3168 longum

544 3204 896 3292 dispositis
934 3209 1039 3270 est
1076 3202 1484 3288 constituta,
1520 3208 1765 3290 utpote
1797 3225 2047 3291 corpus
2085 3204 2229 3270 sola
2260 3204 2701 3291 longitudine
2738 3209 2839 3275 di-

543 3331 857 3417 viduum,
891 3331 1087 3398 cuius
1117 3329 1417 3396 latitudo
1456 3335 1766 3396 atomum
1797 3352 1939 3397 non
1967 3330 2252 3396 excedit.
2300 3332 2404 3396 62.
2440 3333 2565 3398 Est
2598 3340 2831 3400 autem

544 3466 815 3526 atomus
862 3458 1152 3523 minima
1206 3479 1368 3545 pars
1423 3479 1543 3522 seu
1589 3457 1844 3544 prima,
1895 3480 2016 3523 seu
2063 3457 2431 3525 minimum
2469 3482 2718 3549 corpus
2765 3469 2836 3526 et

407 3590 498 3654 20
540 3584 767 3672 prima
811 3583 1103 3649 materia
1140 3582 1337 3648 cuius
1384 3582 1578 3647 nulla
1635 3582 1925 3670 ponitur
1976 3605 2156 3670 pars,
2215 3585 2320 3649 63.
2359 3584 2646 3651 Lineam
2707 3610 2830 3654 suo

540 3711 741 3779 modo
774 3710 1168 3778 definivisse
1196 3710 1517 3797 vulgares
1555 3718 1967 3798 geometrae,
2016 3734 2157 3778 non
2192 3718 2297 3778 est
2334 3734 2483 3778 eam
2524 3735 2698 3799 quae
2726 3721 2831 3780 est

543 3871 862 3915 mensura
921 3847 1342 3931 definivisse;
1388 3870 1610 3934 neque
1656 3848 1825 3913 item
1866 3846 1877 3937 Ι
1917 3847 2172 3913 lineam
2231 3870 2403 3934 quae
2449 3848 2676 3915 fluxus
2724 3855 2828 3916 est

542 3976 786 4065 puncti
841 3977 1218 4043 terminum
1265 3975 1608 4062 intelligo,
1660 3974 1778 4041 sed
1823 3976 2006 4041 circa
2055 3998 2261 4062 quam
2309 3982 2414 4042 est
2460 3978 2827 4064 terminuS,

546 4105 870 4172 differens
909 4106 997 4172 ab
1036 4128 1152 4190 ec,
1193 4104 1377 4191 quod
1422 4104 1538 4170 ille
1588 4102 1863 4190 quidem
1911 4104 2135 4189 nulla,
2183 4103 2351 4170 haec
2398 4128 2560 4172 vero
2606 4107 2831 4195 prima

410 4235 499 4300 25
546 4239 648 4297 est
687 4254 874 4319 pars;
914 4232 1339 4299 conveniunt
1375 4238 1607 4297 autem
1647 4230 1721 4295 in
1759 4253 1838 4296 eo
1879 4230 2061 4316 quod
2107 4237 2257 4297 tum
2304 4230 2509 4297 huius
2555 4238 2706 4298 tum
2756 4234 2833 4298 il-

736 4466 800 4517 10
828 4464 1275 4530 longitudiinem
1404 4467 1467 4518 17
1499 4464 1745 4530 dispotis

810 4583 961 4624 Bnmn
990 4583 1097 4634 opp.
1127 4584 1206 4622 lat.
1232 4582 1277 4632 1,
1298 4583 1339 4622 3.
2481 4583 2506 4622 5

2875 3849 3064 3910 05¹·
