3738 5268
1095 518 1402 565 AR'rmvm
1445 514 1786 564 Anvssnsvs
1827 514 2359 563 MAmmMA'mcos.
2793 500 2862 559 11

767 693 856 757 Π.
907 692 1105 771 Quod
1162 694 1422 759 nullius
1470 700 1574 759 est
1618 694 1908 779 figurae,
1956 715 2097 759 non
2135 699 2238 758 est
2270 692 2659 773 minimum3
2709 714 2870 778 pars

590 840 837 906 nempe
876 817 1101 885 omnis
1139 818 1430 885 alicuius
1469 827 1572 885 est
1610 819 1890 905 figurae.

764 943 891 1009 III.
940 943 1306 1010 Minimum
1352 945 1605 1032 primo,
1654 944 2133 1032 principaliter
2178 950 2248 1008 et
2293 942 2700 1030 simpliciter
2748 942 2873 1008 cir-

587 1072 780 1138 culus
818 1078 947 1154 est,
987 1071 1300 1159 proxime
1338 1072 1729 1159 triangulus
1768 1071 2190 1137 curvilineus
2228 1093 2572 1136 recurvus.

502 1204 545 1268 5
765 1199 885 1267 IV.
934 1200 1303 1267 Minimum
1351 1200 1439 1266 ad
1484 1200 1877 1288 proximum
1925 1199 2401 1287 compositum,
2452 1220 2593 1264 non
2641 1205 2870 1264 autem

586 1324 675 1390 ad
712 1331 930 1391 totam
970 1325 1523 1412 magnitudinem
1560 1349 1720 1414 pars
1760 1332 1887 1392 est:
1931 1332 2244 1392 centrum
2284 1347 2529 1411 nempe
2577 1324 2873 1390 absumi-

586 1460 702 1519 tur
737 1451 1049 1540 physice,
1086 1452 1526 1540 geometrice,
1568 1455 1814 1541 optice.

762 1579 844 1645 V.
894 1579 1252 1664 Centrum,
1300 1580 1627 1646 minimus
1675 1603 1872 1647 arcus
1929 1589 1998 1646 et
2054 1582 2342 1647 minima
2389 1582 2641 1648 chorda
2690 1581 2870 1647 idem

585 1710 748 1770 sunt
772 1710 843 1769 et
866 1705 1207 1791 aequalia;
1247 1705 1431 1773 idem
1470 1729 1739 1793 quoque
1776 1714 1845 1772 et
1884 1708 2198 1793 aequalia
2229 1708 2621 1795 peripheria
2653 1709 2871 1774 maxi-

456 1834 544 1899 10
586 1852 699 1895 ma
757 1837 829 1895 et
887 1831 1228 1897 maximus
1297 1832 1654 1917 diameter,
1724 1834 2067 1899 maximus
2144 1856 2341 1900 arcus
2424 1840 2492 1898 et
2571 1833 2868 1899 maxima

584 1955 855 2023 chorda.

1429 2128 2023 2202 COROLLARIVM.

762 2304 1003 2371 Partes
1042 2328 1205 2393 ergo
1245 2306 1484 2393 anguli
1522 2308 1745 2389 (iuxta
1781 2308 2063 2374 tertiam
2097 2308 2700 2394 significationem)
2741 2331 2866 2372 un-

585 2431 792 2519 dique
823 2433 1164 2501 rationem
1202 2434 1462 2501 habent
1501 2435 1588 2501 ad
1625 2443 1857 2522 partes
1898 2436 1973 2501 in
2010 2435 2422 2524 peripheria.

456 2747 541 2810 15
762 2739 880 2804 VI.
929 2739 1333 2806 Resolventi
1373 2740 1460 2808 ad
1497 2740 1863 2807 minimum
1901 2763 2024 2828 per
2063 2742 2319 2807 similes
2369 2750 2437 2807 et
2481 2743 2866 2830 proportio-

587 2864 777 2930 nales
812 2870 1046 2951 partes
1085 2871 1190 2930 est
1235 2866 1595 2945 transitus,
1644 2874 1723 2931 ut
1767 2866 1897 2932 hoc
1945 2867 2185 2932 ordine
2230 2868 2520 2934 minima
2586 2868 2865 2934 tandem

584 3014 869 3058 numero
906 2991 982 3057 in
1020 3014 1091 3057 se
1129 2992 1357 3079 ipsum
1404 2993 1654 3059 reflexo
1700 3016 1825 3081 per
1869 2995 2342 3081 proximarum
2389 2997 2696 3083 partium
2734 2972 2866 3064 ¹nu-

583 3139 845 3184 merum
884 3118 1329 3185 deducantur.

762 3245 917 3312 VII.
965 3246 1334 3312 Minimum
1372 3244 1651 3333 duplex,
1684 3245 1970 3334 physice
2003 3269 2121 3312 seu
2154 3247 2586 3336 simpliciter,
2629 3259 2696 3315 et
2734 3274 2871 3318 ma·
2920 3270 2981 3318 a
3008 3255 3112 3317 8¹·

450 3381 540 3446 20
582 3370 949 3439 thematice
986 3397 1105 3440 seu
1143 3373 1230 3440 ad
1267 3372 1642 3458 hominem3
1691 3372 1992 3460 primum
2041 3380 2145 3439 est
2192 3397 2433 3458 unum,
2483 3377 2859 3443 secundum

581 3497 964 3585 multiplex.

1090 3783 1851 3862 THEOREMATA
1908 3783 2340 3861 LINEAE.

752 4061 807 4127 I.
854 4062 1237 4128 Probamus
1292 4086 1370 4128 ea
1427 4085 1603 4147 quae
1650 4068 1890 4127 extant
1949 4062 2132 4148 apud
2201 4062 2575 4127 Euclidem.
2639 4063 2855 4128 Primi

573 4208 769 4274 prop.
809 4188 869 4253 7.
912 4189 1014 4252 13.
1059 4189 1161 4253 15.
1200 4189 1305 4253 33.

441 4333 528 4397 25
750 4315 843 4381 II.
892 4316 1269 4382 Parallelae
1316 4316 1540 4381 lineae
1588 4339 1743 4381 cum
1792 4316 1999 4381 tertia
2044 4315 2372 4402 parallela
2420 4323 2489 4380 et
2536 4338 2687 4381 cum
2739 4340 2856 4382 an-

572 4445 754 4532 gulis
813 4446 1100 4512 alternis
1146 4451 1216 4510 et
1262 4443 1599 4532 oppositis
1646 4444 2048 4529 aequalibus
2096 4442 2182 4508 ad
2238 4467 2307 4506 se
2365 4443 2474 4508 vel
2535 4444 2621 4509 ad
2683 4445 2851 4511 duos
