3738 5268
1102 518 1410 563 An‘mcvm
1450 516 1792 563 Anvmzsvs
1833 517 2367 563 MA'rHEMA'moos,
2844 502 2878 559 7

588 696 1031 782 ingenuoque
1069 693 1296 760 cordis
1335 694 1586 760 affectu
1625 695 2081 782 insequimur:
2131 695 2316 762 unde
2362 701 2640 761 tantum
2685 694 2883 759 abest

587 829 668 889 ut
725 844 853 888 nos
910 820 1033 886 illa
1088 819 1319 907 fugiat
1383 822 1494 886 vel
1555 822 2096 910 adproperantes
2155 828 2495 910 expectet,
2543 827 2624 886 ut
2668 820 2880 885 etiam

585 948 785 1014 nobis
845 946 1034 1013 ocius
1096 954 1438 1029 occurrat,
1488 948 1719 1013 oculos
1778 955 2051 1015 nostros
2112 948 2502 1034 abstergat,
2564 952 2634 1012 et
2687 946 2882 1013 velut

587 1073 930 1159 aquilinos
966 1072 1195 1159 pullos
1234 1072 1321 1137 ad
1368 1073 1531 1139 solis
1571 1095 1956 1140 assuescere
1992 1074 2207 1141 faciat
2244 1078 2666 1164 alspectum‚
2708 1070 2879 1157 iugi·
2930 1091 2991 1139 a
3023 1076 3127 1138 5¹·

497 1198 539 1261 5
585 1205 825 1285 terque
872 1197 960 1263 ad
1024 1197 1496 1263 firmissimum
1569 1200 1791 1285 magis
1839 1206 2049 1285 atque
2114 1199 2336 1285 magis
2384 1197 2710 1285 disponat
2775 1196 2881 1260 in-

587 1322 866 1407 tuitum.

768 1447 884 1514 Sic
931 1472 972 1515 a
1017 1448 1366 1536 principio
1425 1450 1628 1515 nobis
1689 1452 2080 1517 consultum
2129 1450 2292 1534 fuit,
2332 1457 2413 1516 ut
2470 1448 2731 1515 frustra
2770 1469 2884 1514 eos

586 1577 818 1645 oculos
850 1575 1266 1642 claudendos
1292 1582 1363 1641 et
1383 1576 1910 1664 supprimendos
1934 1577 2313 1643 inclament
2333 1577 2471 1661 alii,
2501 1598 2670 1662 quos
2697 1576 2885 1642 Deus

594 1707 869 1791 apertos
919 1707 989 1765 et
1035 1699 1110 1765 in
1158 1700 1453 1766 sublime
1500 1709 1760 1768 erectos
1806 1702 2140 1768 exhibuit.
2188 1701 2523 1769 Videntes
2570 1723 2732 1788 ergo
2788 1700 2889 1767 vi-

462 1822 544 1884 10
588 1828 747 1893 dere
784 1848 926 1893 non
965 1825 1507 1910 dissimulamus,
1546 1834 1616 1892 et
1675 1835 1912 1915 aperte
1969 1826 2282 1914 profiteri
2342 1848 2483 1892 non
2529 1847 2883 1907 veremur;

586 1959 803 2038 utque
839 1950 1251 2016 continuum
1292 1951 1551 2017 bellum
1590 1958 1694 2018 est
1740 1952 1924 2018 inter
1984 1953 2210 2020 lucem
2269 1958 2477 2039 atque
2536 1951 2884 2034 tenebraS,

592 2077 981 2145 doctrinam
1018 2084 1089 2142 et
1128 2077 1625 2163 ignorantiam,
1665 2078 1764 2144 ita
1803 2078 2060 2165 ubique
2090 2078 2353 2161 odium,
2388 2077 2723 2161 convitia,
2757 2078 2888 2143 cla-

592 2224 815 2269 mores
861 2209 931 2268 et
969 2201 1271 2269 insultus
1311 2207 1476 2285 (non
1523 2202 1673 2269 sine
1719 2204 1930 2271 etiam
1974 2205 2163 2272 vitae
2208 2205 2541 2293 periculo)
2590 2227 2630 2270 a
2681 2205 2886 2270 bruta

589 2330 1010 2419 stupidaque
1042 2331 1511 2416 multitudine,
1553 2332 1946 2400 concitante
1969 2342 2215 2400 senatu
2251 2333 2747 2421 graduatorum
2771 2353 2888 2419 pa-

463 2456 542 2521 15
588 2464 776 2525 trum
813 2457 1280 2544 ignorantiae,
1331 2479 1568 2524 sumus
1615 2459 1911 2546 experti,
1958 2481 2306 2546 manuque
2352 2458 2670 2525 veritatis
2717 2458 2891 2523 divi-

588 2588 922 2674 nioreque
981 2586 1245 2653 lumine
1303 2586 1475 2654 duce
1537 2587 2033 2675 superavimus.
2096 2588 2379 2658 Etenim
2439 2588 2515 2654 in
2573 2586 2890 2676 pluribus

591 2712 915 2800 Europae
981 2711 1300 2800 partibus
1369 2720 1439 2779 et
1507 2712 1900 2801 praecipuis
1967 2713 2365 2798 academiis,
2448 2735 2684 2779 eorum
2769 2713 2889 2798 qui

589 2839 977 2906 doctissimi
1011 2845 1280 2925 extant,
1319 2863 1543 2927 neque
1588 2842 1905 2908 venalem
1951 2842 2582 2927 mercenariamque
2628 2838 2888 2906 habent

591 2964 1007 3047 doctrinam,
1056 2965 1175 3031 sed
1211 2966 1371 3053 plus
1416 2988 1622 3051 quam
1659 2967 1948 3054 vulgare
2005 2966 2365 3053 ingenium
2427 2973 2496 3031 et
2557 2988 2713 3032 cum
2759 2964 2889 3030 hoc

461 3091 550 3154 20
593 3090 764 3158 alias
811 3089 1021 3156 etiam
1067 3091 1459 3159 nobilitatis
1507 3091 1794 3181 specieS,
1845 3114 2205 3178 consensa,
2242 3093 2608 3180 applausu,
2648 3089 2886 3156 favore

594 3227 664 3287 et
710 3219 1108 3285 testimonio
1146 3218 1348 3285 nobis
1396 3219 1799 3303 adsistente,
1833 3220 2092 3306 ubique
2131 3220 2445 3288 sordidae
2484 3218 2890 3286 vilissimae-

596 3369 730 3433 que
767 3344 1240 3412 multitudinis
1277 3345 1652 3430 invidiam,
1690 3346 2060 3434 strepitum
2101 3353 2172 3413 et
2207 3346 2613 3414 violentiam
2651 3345 2892 3413 autho-

596 3472 805 3538 ritate
840 3470 1237 3559 principum
1268 3471 1742 3557 repressimus;
1776 3470 2339 3538 Aristarchorum
2370 3493 2533 3539 vero
2571 3478 2641 3538 et
2670 3471 2892 3539 archi·

597 3597 1101 3664 mandritarum
1153 3596 1549 3663 huiusmodi
1596 3597 1961 3681 invidiam,
2011 3598 2375 3681 malitiam,
2416 3597 2886 3682 ignorantiam

464 3721 551 3785 25
597 3731 666 3790 et
696 3723 1170 3809 arrogantiam
1194 3722 1411 3789 firmis
1435 3724 1864 3810 argumentis
1897 3723 2263 3802 evidentis!
2285 3723 2751 3811 simarumque
2785 3724 2894 3791 de·
2941 3743 3002 3791 a
3030 3727 3135 3788 5ν

596 3847 1180 3914 monstrationum
1220 3854 1537 3934 (quarum
1575 3849 1835 3935 ubique
1880 3857 2330 3917 monumenta
2377 3857 2644 3935 extant)
2692 3852 2891 3938 copia

598 3974 1058 4043 contudimus.
1097 3976 1247 4042 Iam
1286 3975 1400 4041 hic
1446 3976 1517 4042 C.
1567 3977 1658 4042 M.
1706 3978 1782 4043 T.
1832 3999 1990 4042 cum
2027 4000 2150 4063 per
2197 4001 2268 4043 se
2303 3978 2604 4065 plurima
2642 3977 2889 4044 horum

598 4102 928 4168 facillime
978 4102 1400 4189 intelligere,
1454 4125 1699 4188 meque
1735 4100 2090 4168 indicante
2149 4103 2479 4169 facillime
2537 4103 2774 4168 videre
2821 4112 2890 4169 et

600 4226 905 4294 iudicare
965 4228 1197 4293 omnia
1251 4229 1496 4314 possit,
1542 4249 1697 4292 cum
1757 4235 2034 4311 natura,
2094 4228 2379 4295 fortuna
2428 4235 2498 4293 et
2544 4228 2890 4314 dignitate

786 4489 851 4540 23
883 4489 1314 4541 Aristarcorum
1438 4490 1501 4541 28
1532 4488 1783 4540 facilime
1808 4491 1865 4539 la
1888 4489 2075 4556 prima
2099 4493 2240 4544 volta
