<?xml version="1.0" encoding="UTF-8"?>
<!DOCTYPE html PUBLIC "-//W3C//DTD XHTML 1.0 Transitional//EN"
    "http://www.w3.org/TR/xhtml1/DTD/xhtml1-transitional.dtd">
<html xmlns="http://www.w3.org/1999/xhtml" xml:lang="en" lang="en">
 <head>
  <title>
</title>
<meta http-equiv="Content-Type" content="text/html;charset=utf-8" />
  <meta name='ocr-system' content='tesseract 3.04.00' />
  <meta name='ocr-capabilities' content='ocr_page ocr_carea ocr_par ocr_line ocrx_word'/>
</head>
<body>
  <div class='ocr_page' id='page_1' title='image "./jordanibruninol00tallgoog_0345.png"; bbox 0 0 3738 5268; ppageno 0'>
   <div class='ocr_carea' id='block_1_1' title="bbox 1525 581 1987 625">
    <p class='ocr_par' dir='ltr' id='par_1_1' title="bbox 1525 581 1987 625">
     <span class='ocr_line' id='line_1_1' title="bbox 1525 581 1987 625; baseline -0.002 0"><span class='ocrx_word' id='word_1_1' title='bbox 1525 582 1615 625; x_wconf 72' lang='lat' dir='ltr'><strong>DE</strong></span> <span class='ocrx_word' id='word_1_2' title='bbox 1659 581 1987 625; x_wconf 69' lang='lat' dir='ltr'>MENSVRA.</span> 
     </span>
    </p>
   </div>
   <div class='ocr_carea' id='block_1_2' title="bbox 2780 566 2892 624">
    <p class='ocr_par' dir='ltr' id='par_1_2' title="bbox 2780 566 2892 624">
     <span class='ocr_line' id='line_1_2' title="bbox 2780 566 2892 624; baseline -0.018 0"><span class='ocrx_word' id='word_1_3' title='bbox 2780 566 2892 624; x_wconf 83' lang='lat'><strong>321</strong></span> 
     </span>
    </p>
   </div>
   <div class='ocr_carea' id='block_1_3' title="bbox 773 734 2896 816">
    <p class='ocr_par' dir='ltr' id='par_1_3' title="bbox 773 734 2896 816">
     <span class='ocr_line' id='line_1_3' title="bbox 773 734 2896 816; baseline -0.001 -20"><span class='ocrx_word' id='word_1_4' title='bbox 773 737 971 798; x_wconf 85' lang='lat' dir='ltr'><strong>Latus</strong></span> <span class='ocrx_word' id='word_1_5' title='bbox 1027 737 1317 815; x_wconf 82' lang='lat' dir='ltr'>trianguli</span> <span class='ocrx_word' id='word_1_6' title='bbox 1373 734 1733 814; x_wconf 81' lang='lat' dir='ltr'><strong>aequilateri</strong></span> <span class='ocrx_word' id='word_1_7' title='bbox 1778 736 1964 816; x_wconf 88' lang='lat' dir='ltr'><strong>(quod</strong></span> <span class='ocrx_word' id='word_1_8' title='bbox 2024 743 2231 796; x_wconf 89' lang='lat' dir='ltr'><strong>centro</strong></span> <span class='ocrx_word' id='word_1_9' title='bbox 2288 735 2519 813; x_wconf 88' lang='lat' dir='ltr'><strong>posito,</strong></span> <span class='ocrx_word' id='word_1_10' title='bbox 2576 735 2749 813; x_wconf 79' lang='lat' dir='ltr'><strong>dato,</strong></span> <span class='ocrx_word' id='word_1_11' title='bbox 2796 735 2896 795; x_wconf 87' lang='lat' dir='ltr'><strong>vel</strong></span> 
     </span>
    </p>
   </div>
   <div class='ocr_carea' id='block_1_4' title="bbox 613 851 2894 932">
    <p class='ocr_par' dir='ltr' id='par_1_4' title="bbox 613 851 2894 932">
     <span class='ocr_line' id='line_1_4' title="bbox 613 851 2894 932; baseline -0.001 -20"><span class='ocrx_word' id='word_1_12' title='bbox 613 852 886 930; x_wconf 87' lang='lat' dir='ltr'><strong>quolibet</strong></span> <span class='ocrx_word' id='word_1_13' title='bbox 939 852 1468 915; x_wconf 79' lang='lat' dir='ltr'><strong>circumferentiae</strong></span> <span class='ocrx_word' id='word_1_14' title='bbox 1520 859 1747 932; x_wconf 87' lang='lat' dir='ltr'><strong>puncto</strong></span> <span class='ocrx_word' id='word_1_15' title='bbox 1800 851 1960 911; x_wconf 87' lang='lat' dir='ltr'><strong>radii</strong></span> <span class='ocrx_word' id='word_1_16' title='bbox 1995 869 2104 912; x_wconf 87' lang='lat' dir='ltr'><strong>seu</strong></span> <span class='ocrx_word' id='word_1_17' title='bbox 2150 851 2589 912; x_wconf 78' lang='lat' dir='ltr'><strong>semidiametri</strong></span> <span class='ocrx_word' id='word_1_18' title='bbox 2644 852 2894 911; x_wconf 90' lang='lat' dir='ltr'><strong>circum·</strong></span> 
     </span>
    </p>
   </div>
   <div class='ocr_carea' id='block_1_5' title="bbox 612 965 2894 1049">
    <p class='ocr_par' dir='ltr' id='par_1_5' title="bbox 612 965 2894 1049">
     <span class='ocr_line' id='line_1_5' title="bbox 612 965 2894 1049; baseline -0.001 -22"><span class='ocrx_word' id='word_1_19' title='bbox 612 968 900 1028; x_wconf 86' lang='lat' dir='ltr'><strong>ductione</strong></span> <span class='ocrx_word' id='word_1_20' title='bbox 936 968 1249 1049; x_wconf 88' lang='lat' dir='ltr'><strong>definitur)</strong></span> <span class='ocrx_word' id='word_1_21' title='bbox 1290 974 1589 1048; x_wconf 85' lang='lat' dir='ltr'><strong>provocat</strong></span> <span class='ocrx_word' id='word_1_22' title='bbox 1630 968 1857 1029; x_wconf 89' lang='lat' dir='ltr'><strong>lineam</strong></span> <span class='ocrx_word' id='word_1_23' title='bbox 1902 968 1963 1027; x_wconf 91' lang='lat' dir='ltr'><strong>in</strong></span> <span class='ocrx_word' id='word_1_24' title='bbox 1998 969 2387 1029; x_wconf 79' lang='lat' dir='ltr'><strong>extremitate</strong></span> <span class='ocrx_word' id='word_1_25' title='bbox 2421 968 2588 1028; x_wconf 87' lang='lat' dir='ltr'><strong>illius</strong></span> <span class='ocrx_word' id='word_1_26' title='bbox 2621 965 2789 1027; x_wconf 86' lang='lat' dir='ltr'><strong>basis</strong></span> <span class='ocrx_word' id='word_1_27' title='bbox 2833 966 2894 1025; x_wconf 90' lang='lat' dir='ltr'><strong>in</strong></span> 
     </span>
    </p>
   </div>
   <div class='ocr_carea' id='block_1_6' title="bbox 612 1085 1628 1147">
    <p class='ocr_par' dir='ltr' id='par_1_6' title="bbox 612 1085 1628 1147">
     <span class='ocr_line' id='line_1_6' title="bbox 612 1085 1628 1147; baseline 0.001 -4"><span class='ocrx_word' id='word_1_28' title='bbox 612 1092 959 1146; x_wconf 88' lang='lat' dir='ltr'><strong>contactum</strong></span> <span class='ocrx_word' id='word_1_29' title='bbox 995 1085 1203 1146; x_wconf 88' lang='lat' dir='ltr'><strong>circuli</strong></span> <span class='ocrx_word' id='word_1_30' title='bbox 1239 1085 1628 1147; x_wconf 90' lang='lat' dir='ltr'><strong>defluentem.</strong></span> 
     </span>
    </p>
   </div>
   <div class='ocr_carea' id='block_1_7' title="bbox 519 1509 2016 1574">
    <p class='ocr_par' dir='ltr' id='par_1_7' title="bbox 519 1509 2016 1574">
     <span class='ocr_line' id='line_1_7' title="bbox 519 1509 2016 1574; baseline -0.001 -1"><span class='ocrx_word' id='word_1_31' title='bbox 519 1511 562 1573; x_wconf 80' lang='lat'>5</span> <span class='ocrx_word' id='word_1_32' title='bbox 1492 1509 1795 1574; x_wconf 81' lang='lat' dir='ltr'><strong>OAPVT</strong></span> <span class='ocrx_word' id='word_1_33' title='bbox 1865 1510 2016 1574; x_wconf 91' lang='lat' dir='ltr'>VII.</span> 
     </span>
    </p>
   </div>
   <div class='ocr_carea' id='block_1_8' title="bbox 1608 1796 1880 1840">
    <p class='ocr_par' dir='ltr' id='par_1_8' title="bbox 1608 1796 1880 1840">
     <span class='ocr_line' id='line_1_8' title="bbox 1608 1796 1880 1840; baseline 0.004 -2"><span class='ocrx_word' id='word_1_34' title='bbox 1608 1796 1880 1840; x_wconf 79' lang='lat' dir='ltr'>CVNEVS.</span> 
     </span>
    </p>
   </div>
   <div class='ocr_carea' id='block_1_9' title="bbox 1198 1968 2286 2017">
    <p class='ocr_par' dir='ltr' id='par_1_9' title="bbox 1198 1968 2286 2017">
     <span class='ocr_line' id='line_1_9' title="bbox 1198 1968 2286 2017; baseline 0.004 -10"><span class='ocrx_word' id='word_1_35' title='bbox 1198 1968 1426 2017; x_wconf 77' lang='lat' dir='ltr'><strong>Angulum</strong></span> <span class='ocrx_word' id='word_1_36' title='bbox 1456 1968 1688 2008; x_wconf 75' lang='lat' dir='ltr'><strong>minimum</strong></span> <span class='ocrx_word' id='word_1_37' title='bbox 1718 1972 1763 2009; x_wconf 83' lang='lat' dir='ltr'><strong>ct</strong></span> <span class='ocrx_word' id='word_1_38' title='bbox 1792 1969 2037 2010; x_wconf 79' lang='lat' dir='ltr'><strong>maximum</strong></span> <span class='ocrx_word' id='word_1_39' title='bbox 2065 1971 2286 2011; x_wconf 76' lang='lat' dir='ltr'><strong>describo.</strong></span> 
     </span>
    </p>
   </div>
   <div class='ocr_carea' id='block_1_10' title="bbox 473 2220 2665 3243">
    <p class='ocr_par' dir='ltr' id='par_1_10' title="bbox 473 2220 2665 3243">
     <span class='ocr_line' id='line_1_10' title="bbox 783 2220 2665 2312; baseline 0.005 -28"><span class='ocrx_word' id='word_1_40' title='bbox 783 2220 1209 2307; x_wconf 80' lang='lat' dir='ltr'><strong>Simpliciter</strong></span> <span class='ocrx_word' id='word_1_41' title='bbox 1247 2224 1575 2290; x_wconf 86' lang='lat' dir='ltr'><strong>minimus</strong></span> <span class='ocrx_word' id='word_1_42' title='bbox 1614 2225 2017 2311; x_wconf 88' lang='lat' dir='ltr'><strong>perhibetur</strong></span> <span class='ocrx_word' id='word_1_43' title='bbox 2056 2227 2176 2312; x_wconf 89' lang='lat' dir='ltr'><strong>qui</strong></span> <span class='ocrx_word' id='word_1_44' title='bbox 2215 2227 2523 2293; x_wconf 87' lang='lat' dir='ltr'><strong>medians</strong></span> <span class='ocrx_word' id='word_1_45' title='bbox 2562 2235 2665 2294; x_wconf 86' lang='lat' dir='ltr'><strong>est</strong></span> 
     </span>
     <span class='ocr_line' id='line_1_11' title="bbox 605 2337 2657 2432; baseline 0.005 -30"><span class='ocrx_word' id='word_1_46' title='bbox 605 2337 894 2425; x_wconf 85' lang='lat' dir='ltr'><strong>Cyclum</strong></span> <span class='ocrx_word' id='word_1_47' title='bbox 934 2338 1117 2404; x_wconf 88' lang='lat' dir='ltr'><strong>inter</strong></span> <span class='ocrx_word' id='word_1_48' title='bbox 1153 2339 1510 2424; x_wconf 85' lang='lat' dir='ltr'><strong>geminum</strong></span> <span class='ocrx_word' id='word_1_49' title='bbox 1550 2364 1686 2426; x_wconf 89' lang='lat' dir='ltr'><strong>quo</strong></span> <span class='ocrx_word' id='word_1_50' title='bbox 1723 2344 2087 2428; x_wconf 85' lang='lat' dir='ltr'><strong>attingunt</strong></span> <span class='ocrx_word' id='word_1_51' title='bbox 2125 2345 2657 2432; x_wconf 82' lang='lat' dir='ltr'><strong>alterutrinque3</strong></span> 
     </span>
     <span class='ocr_line' id='line_1_12' title="bbox 476 2454 2604 2545; baseline 0.003 -25"><span class='ocrx_word' id='word_1_52' title='bbox 476 2456 561 2520; x_wconf 89' lang='grc'><strong>10</strong></span> <span class='ocrx_word' id='word_1_53' title='bbox 607 2454 742 2521; x_wconf 84' lang='lat' dir='ltr'><strong>Sed</strong></span> <span class='ocrx_word' id='word_1_54' title='bbox 782 2456 967 2542; x_wconf 80' lang='lat' dir='ltr'><strong>capit</strong></span> <span class='ocrx_word' id='word_1_55' title='bbox 1005 2455 1122 2520; x_wconf 85' lang='lat' dir='ltr'><strong>ille</strong></span> <span class='ocrx_word' id='word_1_56' title='bbox 1152 2457 1432 2542; x_wconf 80' lang='lat' dir='ltr'><strong>graduS‚</strong></span> <span class='ocrx_word' id='word_1_57' title='bbox 1473 2458 1749 2542; x_wconf 86' lang='lat' dir='ltr'><strong>quando</strong></span> <span class='ocrx_word' id='word_1_58' title='bbox 1789 2482 1989 2545; x_wconf 84' lang='lat' dir='ltr'><strong>mage</strong></span> <span class='ocrx_word' id='word_1_59' title='bbox 2027 2460 2322 2526; x_wconf 89' lang='lat' dir='ltr'><strong>circulus</strong></span> <span class='ocrx_word' id='word_1_60' title='bbox 2361 2469 2604 2527; x_wconf 86' lang='lat' dir='ltr'><strong>auctus</strong></span> 
     </span>
     <span class='ocr_line' id='line_1_13' title="bbox 603 2572 2269 2662; baseline 0.005 -26"><span class='ocrx_word' id='word_1_61' title='bbox 603 2572 755 2637; x_wconf 91' lang='lat' dir='ltr'><strong>Hoc</strong></span> <span class='ocrx_word' id='word_1_62' title='bbox 794 2573 1015 2658; x_wconf 83' lang='lat' dir='ltr'><strong>magis</strong></span> <span class='ocrx_word' id='word_1_63' title='bbox 1056 2580 1124 2639; x_wconf 88' lang='lat' dir='ltr'><strong>et</strong></span> <span class='ocrx_word' id='word_1_64' title='bbox 1162 2581 1388 2639; x_wconf 86' lang='lat' dir='ltr'><strong>rectae</strong></span> <span class='ocrx_word' id='word_1_65' title='bbox 1421 2576 1771 2660; x_wconf 86' lang='lat' dir='ltr'><strong>conquirit</strong></span> <span class='ocrx_word' id='word_1_66' title='bbox 1811 2577 2269 2662; x_wconf 62' lang='lat' dir='ltr'><strong>conditiones»,</strong></span> 
     </span>
     <span class='ocr_line' id='line_1_14' title="bbox 606 2689 2598 2781; baseline 0.003 -26"><span class='ocrx_word' id='word_1_67' title='bbox 606 2689 743 2765; x_wconf 82' lang='lat' dir='ltr'><strong>Qui</strong></span> <span class='ocrx_word' id='word_1_68' title='bbox 778 2713 940 2756; x_wconf 83' lang='lat' dir='ltr'><strong>vero</strong></span> <span class='ocrx_word' id='word_1_69' title='bbox 980 2712 1064 2757; x_wconf 80' lang='lat' dir='ltr'><strong>ex</strong></span> <span class='ocrx_word' id='word_1_70' title='bbox 1103 2697 1290 2757; x_wconf 85' lang='lat' dir='ltr'><strong>recta</strong></span> <span class='ocrx_word' id='word_1_71' title='bbox 1331 2699 1398 2758; x_wconf 87' lang='lat' dir='ltr'><strong>et</strong></span> <span class='ocrx_word' id='word_1_72' title='bbox 1438 2716 1650 2759; x_wconf 89' lang='lat' dir='ltr'><strong>curva</strong></span> <span class='ocrx_word' id='word_1_73' title='bbox 1692 2694 1886 2760; x_wconf 87' lang='lat' dir='ltr'><strong>venit</strong></span> <span class='ocrx_word' id='word_1_74' title='bbox 1922 2695 2247 2781; x_wconf 41' lang='lat' dir='ltr'><strong>angulum</strong></span> <span class='ocrx_word' id='word_1_75' title='bbox 2288 2702 2355 2760; x_wconf 85' lang='lat' dir='ltr'><strong>et</strong></span> <span class='ocrx_word' id='word_1_76' title='bbox 2397 2717 2598 2780; x_wconf 88' lang='lat' dir='ltr'><strong>quem</strong></span> 
     </span>
     <span class='ocr_line' id='line_1_15' title="bbox 603 2806 2369 2897; baseline 0.003 -27"><span class='ocrx_word' id='word_1_77' title='bbox 603 2806 958 2873; x_wconf 83' lang='lat' dir='ltr'><strong>Dimetrus</strong></span> <span class='ocrx_word' id='word_1_78' title='bbox 997 2816 1301 2875; x_wconf 84' lang='lat' dir='ltr'><strong>extremo</strong></span> <span class='ocrx_word' id='word_1_79' title='bbox 1339 2809 1623 2897; x_wconf 87' lang='lat' dir='ltr'><strong>proprio</strong></span> <span class='ocrx_word' id='word_1_80' title='bbox 1664 2817 2034 2896; x_wconf 81' lang='lat' dir='ltr'><strong>sustentat,</strong></span> <span class='ocrx_word' id='word_1_81' title='bbox 2075 2812 2369 2877; x_wconf 79' lang='lat' dir='ltr'><strong>habetur</strong></span> 
     </span>
     <span class='ocr_line' id='line_1_16' title="bbox 602 2923 2375 3013; baseline 0.003 -26"><span class='ocrx_word' id='word_1_82' title='bbox 602 2923 1026 2989; x_wconf 85' lang='lat' dir='ltr'><strong>Cunctorum</strong></span> <span class='ocrx_word' id='word_1_83' title='bbox 1065 2926 1421 3011; x_wconf 74' lang='lat' dir='ltr'><strong>minim11S‚</strong></span> <span class='ocrx_word' id='word_1_84' title='bbox 1463 2950 1597 3013; x_wconf 87' lang='lat' dir='ltr'><strong>qua</strong></span> <span class='ocrx_word' id='word_1_85' title='bbox 1637 2935 1823 2993; x_wconf 84' lang='lat' dir='ltr'><strong>recta</strong></span> <span class='ocrx_word' id='word_1_86' title='bbox 1861 2929 1969 2994; x_wconf 92' lang='lat' dir='ltr'><strong>illi</strong></span> <span class='ocrx_word' id='word_1_87' title='bbox 2008 2929 2375 2994; x_wconf 79' lang='lat' dir='ltr'><strong>adiicietur</strong></span> 
     </span>
     <span class='ocr_line' id='line_1_17' title="bbox 473 3037 2469 3129; baseline 0.003 -28"><span class='ocrx_word' id='word_1_88' title='bbox 473 3037 555 3101; x_wconf 77' lang='lat'><strong>15</strong></span> <span class='ocrx_word' id='word_1_89' title='bbox 603 3040 810 3104; x_wconf 88' lang='lat' dir='ltr'><strong>Parte</strong></span> <span class='ocrx_word' id='word_1_90' title='bbox 849 3040 1003 3105; x_wconf 89' lang='lat' dir='ltr'><strong>alia.</strong></span> <span class='ocrx_word' id='word_1_91' title='bbox 1045 3043 1262 3109; x_wconf 80' lang='lat' dir='ltr'><strong>Recto</strong></span> <span class='ocrx_word' id='word_1_92' title='bbox 1303 3065 1713 3128; x_wconf 80' lang='lat' dir='ltr'><strong>quocunque</strong></span> <span class='ocrx_word' id='word_1_93' title='bbox 1752 3050 1820 3107; x_wconf 89' lang='lat' dir='ltr'><strong>et</strong></span> <span class='ocrx_word' id='word_1_94' title='bbox 1857 3043 2077 3107; x_wconf 88' lang='lat' dir='ltr'><strong>maior</strong></span> <span class='ocrx_word' id='word_1_95' title='bbox 2114 3042 2469 3129; x_wconf 80' lang='lat' dir='ltr'><strong>adhaeret,</strong></span> 
     </span>
     <span class='ocr_line' id='line_1_18' title="bbox 602 3156 2290 3243; baseline 0.003 -24"><span class='ocrx_word' id='word_1_96' title='bbox 602 3156 948 3221; x_wconf 79' lang='lat' dir='ltr'><strong>Maximus</strong></span> <span class='ocrx_word' id='word_1_97' title='bbox 982 3158 1217 3242; x_wconf 90' lang='lat' dir='ltr'><strong>immo,</strong></span> <span class='ocrx_word' id='word_1_98' title='bbox 1258 3158 1501 3225; x_wconf 86' lang='lat' dir='ltr'><strong>horum</strong></span> <span class='ocrx_word' id='word_1_99' title='bbox 1537 3159 1814 3243; x_wconf 86' lang='lat' dir='ltr'><strong>quando</strong></span> <span class='ocrx_word' id='word_1_100' title='bbox 1853 3161 2132 3225; x_wconf 86' lang='lat' dir='ltr'><strong>collatio</strong></span> <span class='ocrx_word' id='word_1_101' title='bbox 2171 3160 2290 3224; x_wconf 85' lang='lat' dir='ltr'><strong>fiet</strong></span> 
     </span>
    </p>
   </div>
   <div class='ocr_carea' id='block_1_11' title="bbox 467 3271 3201 3843">
    <p class='ocr_par' dir='ltr' id='par_1_11' title="bbox 600 3271 3201 3588">
     <span class='ocr_line' id='line_1_19' title="bbox 600 3271 3201 3370; baseline 0.002 -35"><span class='ocrx_word' id='word_1_102' title='bbox 600 3271 711 3336; x_wconf 90' lang='lat' dir='ltr'><strong>Ad</strong></span> <span class='ocrx_word' id='word_1_103' title='bbox 747 3273 953 3339; x_wconf 85' lang='lat' dir='ltr'><strong>rectis</strong></span> <span class='ocrx_word' id='word_1_104' title='bbox 991 3274 1114 3340; x_wconf 88' lang='lat' dir='ltr'><strong>hos</strong></span> <span class='ocrx_word' id='word_1_105' title='bbox 1157 3274 1276 3360; x_wconf 87' lang='lat' dir='ltr'><strong>qui</strong></span> <span class='ocrx_word' id='word_1_106' title='bbox 1312 3299 1394 3340; x_wconf 81' lang='lat' dir='ltr'><strong>ex</strong></span> <span class='ocrx_word' id='word_1_107' title='bbox 1433 3274 1674 3340; x_wconf 65' lang='lat' dir='ltr'><strong>ambis„</strong></span> <span class='ocrx_word' id='word_1_108' title='bbox 1713 3275 2047 3360; x_wconf 81' lang='lat' dir='ltr'><strong>Vulgaria</strong></span> <span class='ocrx_word' id='word_1_109' title='bbox 2086 3276 2457 3360; x_wconf 80' lang='lat' dir='ltr'><strong>habentor3</strong></span> <span class='ocrx_word' id='word_1_110' title='bbox 2839 3311 2885 3344; x_wconf 65' lang='grc' dir='ltr'><strong>ιι)</strong></span> <span class='ocrx_word' id='word_1_111' title='bbox 2918 3309 3000 3370; x_wconf 81' lang='lat' dir='ltr'><strong>p,</strong></span> <span class='ocrx_word' id='word_1_112' title='bbox 3026 3295 3201 3358; x_wconf 78' lang='lat'><strong>181</strong></span> 
     </span>
     <span class='ocr_line' id='line_1_20' title="bbox 600 3386 2641 3475; baseline 0.003 -25"><span class='ocrx_word' id='word_1_113' title='bbox 600 3386 781 3451; x_wconf 84' lang='lat' dir='ltr'><strong>Nam</strong></span> <span class='ocrx_word' id='word_1_114' title='bbox 818 3388 994 3453; x_wconf 87' lang='lat' dir='ltr'><strong>ratio</strong></span> <span class='ocrx_word' id='word_1_115' title='bbox 1035 3389 1227 3453; x_wconf 86' lang='lat' dir='ltr'><strong>nulla</strong></span> <span class='ocrx_word' id='word_1_116' title='bbox 1266 3398 1368 3453; x_wconf 82' lang='lat' dir='ltr'><strong>est</strong></span> <span class='ocrx_word' id='word_1_117' title='bbox 1408 3390 1525 3455; x_wconf 87' lang='lat' dir='ltr'><strong>ubi</strong></span> <span class='ocrx_word' id='word_1_118' title='bbox 1564 3398 1886 3473; x_wconf 80' lang='lat' dir='ltr'><strong>rectaque</strong></span> <span class='ocrx_word' id='word_1_119' title='bbox 1927 3413 2272 3475; x_wconf 83' lang='lat' dir='ltr'><strong>curvaque</strong></span> <span class='ocrx_word' id='word_1_120' title='bbox 2313 3391 2387 3455; x_wconf 87' lang='lat' dir='ltr'><strong>in</strong></span> <span class='ocrx_word' id='word_1_121' title='bbox 2426 3414 2641 3457; x_wconf 85' lang='lat' dir='ltr'><strong>unum</strong></span> 
     </span>
     <span class='ocr_line' id='line_1_21' title="bbox 602 3500 2592 3588; baseline 0.003 -22"><span class='ocrx_word' id='word_1_122' title='bbox 602 3500 1056 3585; x_wconf 84' lang='lat' dir='ltr'><strong>Concurrunt,</strong></span> <span class='ocrx_word' id='word_1_123' title='bbox 1093 3503 1540 3588; x_wconf 85' lang='lat' dir='ltr'><strong>geminasque</strong></span> <span class='ocrx_word' id='word_1_124' title='bbox 1579 3504 1774 3569; x_wconf 86' lang='lat' dir='ltr'><strong>dabis</strong></span> <span class='ocrx_word' id='word_1_125' title='bbox 1813 3506 2007 3570; x_wconf 87' lang='lat' dir='ltr'><strong>vario</strong></span> <span class='ocrx_word' id='word_1_126' title='bbox 2048 3505 2287 3572; x_wconf 84' lang='lat' dir='ltr'><strong>ordine</strong></span> <span class='ocrx_word' id='word_1_127' title='bbox 2327 3530 2592 3573; x_wconf 79' lang='lat' dir='ltr'><strong>curvas,</strong></span> 
     </span>
    </p>

    <p class='ocr_par' dir='ltr' id='par_1_12' title="bbox 467 3764 2879 3843">
     <span class='ocr_line' id='line_1_22' title="bbox 467 3764 2879 3843; baseline 0.003 -21"><span class='ocrx_word' id='word_1_128' title='bbox 467 3771 556 3835; x_wconf 81' lang='lat'><strong>20</strong></span> <span class='ocrx_word' id='word_1_129' title='bbox 761 3765 1071 3841; x_wconf 86' lang='lat' dir='ltr'><strong>Angulum</strong></span> <span class='ocrx_word' id='word_1_130' title='bbox 1103 3764 1166 3825; x_wconf 89' lang='lat' dir='ltr'><strong>in</strong></span> <span class='ocrx_word' id='word_1_131' title='bbox 1200 3764 1330 3826; x_wconf 87' lang='lat' dir='ltr'><strong>dati</strong></span> <span class='ocrx_word' id='word_1_132' title='bbox 1363 3765 1628 3843; x_wconf 84' lang='lat' dir='ltr'><strong>positive</strong></span> <span class='ocrx_word' id='word_1_133' title='bbox 1672 3766 1880 3825; x_wconf 87' lang='lat' dir='ltr'><strong>circuli</strong></span> <span class='ocrx_word' id='word_1_134' title='bbox 1908 3766 2144 3826; x_wconf 87' lang='lat' dir='ltr'><strong>ratione</strong></span> <span class='ocrx_word' id='word_1_135' title='bbox 2187 3766 2276 3827; x_wconf 89' lang='lat' dir='ltr'><strong>sic</strong></span> <span class='ocrx_word' id='word_1_136' title='bbox 2318 3767 2629 3827; x_wconf 88' lang='lat' dir='ltr'><strong>minimum</strong></span> <span class='ocrx_word' id='word_1_137' title='bbox 2665 3777 2728 3828; x_wconf 93' lang='lat' dir='ltr'><strong>et</strong></span> <span class='ocrx_word' id='word_1_138' title='bbox 2761 3791 2879 3829; x_wconf 88' lang='lat' dir='ltr'><strong>ma-</strong></span> 
     </span>
    </p>
   </div>
   <div class='ocr_carea' id='block_1_12' title="bbox 599 3879 2878 3960">
    <p class='ocr_par' dir='ltr' id='par_1_13' title="bbox 599 3879 2878 3960">
     <span class='ocr_line' id='line_1_23' title="bbox 599 3879 2878 3960; baseline 0.003 -20"><span class='ocrx_word' id='word_1_139' title='bbox 599 3882 826 3940; x_wconf 84' lang='lat' dir='ltr'><strong>ximum</strong></span> <span class='ocrx_word' id='word_1_140' title='bbox 861 3879 1207 3957; x_wconf 88' lang='lat' dir='ltr'><strong>definimus;</strong></span> <span class='ocrx_word' id='word_1_141' title='bbox 1253 3882 1613 3960; x_wconf 90' lang='lat' dir='ltr'><strong>simpliciter</strong></span> <span class='ocrx_word' id='word_1_142' title='bbox 1652 3903 1800 3944; x_wconf 85' lang='lat' dir='ltr'><strong>vero</strong></span> <span class='ocrx_word' id='word_1_143' title='bbox 1845 3883 2155 3942; x_wconf 89' lang='lat' dir='ltr'><strong>minimum</strong></span> <span class='ocrx_word' id='word_1_144' title='bbox 2197 3891 2379 3959; x_wconf 88' lang='lat' dir='ltr'><strong>atque</strong></span> <span class='ocrx_word' id='word_1_145' title='bbox 2413 3885 2740 3944; x_wconf 78' lang='lat' dir='ltr'><strong>maximum</strong></span> <span class='ocrx_word' id='word_1_146' title='bbox 2777 3908 2878 3947; x_wconf 87' lang='lat' dir='ltr'><strong>an-</strong></span> 
     </span>
    </p>
   </div>
   <div class='ocr_carea' id='block_1_13' title="bbox 600 3996 2877 4079">
    <p class='ocr_par' dir='ltr' id='par_1_14' title="bbox 600 3996 2877 4079">
     <span class='ocr_line' id='line_1_24' title="bbox 600 3996 2877 4079; baseline 0.003 -22"><span class='ocrx_word' id='word_1_147' title='bbox 600 3996 807 4073; x_wconf 88' lang='lat' dir='ltr'><strong>gulum</strong></span> <span class='ocrx_word' id='word_1_148' title='bbox 842 3998 1260 4076; x_wconf 84' lang='lat' dir='ltr'><strong>magnitudine</strong></span> <span class='ocrx_word' id='word_1_149' title='bbox 1302 3999 1621 4060; x_wconf 83' lang='lat' dir='ltr'><strong>curvitatis</strong></span> <span class='ocrx_word' id='word_1_150' title='bbox 1665 4000 2011 4077; x_wconf 85' lang='lat' dir='ltr'><strong>definimus,</strong></span> <span class='ocrx_word' id='word_1_151' title='bbox 2060 4001 2320 4060; x_wconf 80' lang='lat' dir='ltr'><strong>maxima</strong></span> <span class='ocrx_word' id='word_1_152' title='bbox 2369 4022 2550 4079; x_wconf 90' lang='lat' dir='ltr'><strong>porro</strong></span> <span class='ocrx_word' id='word_1_153' title='bbox 2608 4004 2877 4064; x_wconf 82' lang='lat' dir='ltr'><strong>curvitas</strong></span> 
     </span>
    </p>
   </div>
   <div class='ocr_carea' id='block_1_14' title="bbox 601 4114 2878 4197">
    <p class='ocr_par' dir='ltr' id='par_1_15' title="bbox 601 4114 2878 4197">
     <span class='ocr_line' id='line_1_25' title="bbox 601 4114 2878 4197; baseline 0.002 -23"><span class='ocrx_word' id='word_1_154' title='bbox 601 4122 697 4174; x_wconf 87' lang='lat' dir='ltr'><strong>est</strong></span> <span class='ocrx_word' id='word_1_155' title='bbox 722 4115 786 4173; x_wconf 92' lang='lat' dir='ltr'><strong>in</strong></span> <span class='ocrx_word' id='word_1_156' title='bbox 839 4114 1084 4174; x_wconf 90' lang='lat' dir='ltr'><strong>minimo</strong></span> <span class='ocrx_word' id='word_1_157' title='bbox 1122 4115 1345 4175; x_wconf 88' lang='lat' dir='ltr'><strong>circulo</strong></span> <span class='ocrx_word' id='word_1_158' title='bbox 1381 4116 1834 4194; x_wconf 86' lang='lat' dir='ltr'><strong>conspicienda,</strong></span> <span class='ocrx_word' id='word_1_159' title='bbox 1881 4117 2126 4176; x_wconf 86' lang='lat' dir='ltr'><strong>minima</strong></span> <span class='ocrx_word' id='word_1_160' title='bbox 2166 4116 2229 4175; x_wconf 90' lang='lat' dir='ltr'><strong>in</strong></span> <span class='ocrx_word' id='word_1_161' title='bbox 2259 4118 2547 4197; x_wconf 81' lang='lat' dir='ltr'><strong>maximo,</strong></span> <span class='ocrx_word' id='word_1_162' title='bbox 2583 4119 2776 4178; x_wconf 89' lang='lat' dir='ltr'><strong>maior</strong></span> <span class='ocrx_word' id='word_1_163' title='bbox 2817 4119 2878 4178; x_wconf 91' lang='lat' dir='ltr'><strong>in</strong></span> 
     </span>
    </p>
   </div>
   <div class='ocr_carea' id='block_1_15' title="bbox 599 4232 2878 4311">
    <p class='ocr_par' dir='ltr' id='par_1_16' title="bbox 599 4232 2878 4311">
     <span class='ocr_line' id='line_1_26' title="bbox 599 4232 2878 4311; baseline 0.002 -20"><span class='ocrx_word' id='word_1_164' title='bbox 599 4233 678 4292; x_wconf 90' lang='lat' dir='ltr'><strong>ad</strong></span> <span class='ocrx_word' id='word_1_165' title='bbox 712 4232 1036 4293; x_wconf 80' lang='lat' dir='ltr'><strong>maximum</strong></span> <span class='ocrx_word' id='word_1_166' title='bbox 1071 4234 1406 4311; x_wconf 89' lang='lat' dir='ltr'><strong>propriore.</strong></span> <span class='ocrx_word' id='word_1_167' title='bbox 1433 4232 1609 4305; x_wconf 82' lang='lat' dir='ltr'><strong>Quod</strong></span> <span class='ocrx_word' id='word_1_168' title='bbox 1633 4233 1811 4311; x_wconf 89' lang='lat' dir='ltr'><strong>plene</strong></span> <span class='ocrx_word' id='word_1_169' title='bbox 1847 4233 1907 4292; x_wconf 90' lang='lat' dir='ltr'><strong>in</strong></span> <span class='ocrx_word' id='word_1_170' title='bbox 1940 4234 2448 4311; x_wconf 83' lang='lat' dir='ltr'><strong>praecedentibus</strong></span> <span class='ocrx_word' id='word_1_171' title='bbox 2479 4234 2878 4295; x_wconf 76' lang='lat' dir='ltr'><strong>ostendimus·</strong></span> 
     </span>
    </p>
   </div>
   <div class='ocr_carea' id='block_1_16' title="bbox 863 4684 2549 4732">
    <p class='ocr_par' dir='ltr' id='par_1_17' title="bbox 863 4684 2549 4732">
     <span class='ocr_line' id='line_1_27' title="bbox 863 4684 2549 4732; baseline 0.002 -10"><span class='ocrx_word' id='word_1_172' title='bbox 863 4685 1012 4722; x_wconf 70' lang='lat' dir='ltr'>BRUM</span> <span class='ocrx_word' id='word_1_173' title='bbox 1042 4684 1149 4732; x_wconf 65' lang='lat'><strong>05³1).</strong></span> <span class='ocrx_word' id='word_1_174' title='bbox 1181 4685 1258 4721; x_wconf 61' lang='lat' dir='ltr'><strong>lac.</strong></span> <span class='ocrx_word' id='word_1_175' title='bbox 1285 4684 1326 4729; x_wconf 79' lang='grc' dir='ltr'><strong>Ι,</strong></span> <span class='ocrx_word' id='word_1_176' title='bbox 1352 4684 1392 4722; x_wconf 81' lang='grc'><strong>3.</strong></span> <span class='ocrx_word' id='word_1_177' title='bbox 2504 4689 2549 4728; x_wconf 69' lang='grc'><strong>41</strong></span> 
     </span>
    </p>
   </div>
  </div>
 </body>
</html>
