3738 5268
1353 520 1442 563 DE
1484 519 1893 565 mvnn'rlonn
1932 520 2176 565 mmm.
2790 504 2907 561 257

627 672 702 737 Si
739 697 862 760 per
899 684 967 739 et
1006 675 1187 740 hunc
1223 681 1587 762 punctum,
1629 676 1751 760 qui
1787 681 1891 740 est
1927 676 2150 762 partis
2189 675 2554 757 terminus,
2595 675 2739 739 exit
2860 704 2912 741 δυ

623 789 882 853 Rectae
920 790 1003 854 de
1034 798 1336 855 extremo
1375 797 1496 855 aut
1527 789 1851 876 triquetri
1884 790 1968 855 de
2007 789 2287 876 cuspide
2324 789 2551 855 fluxus

624 902 737 968 Ad
773 910 1030 969 sectam
1066 906 1276 992 parti,
1315 912 1393 971 ut
1431 911 1534 970 est
1571 905 1859 989 dictum,
1896 905 2419 971 consimilarem.

783 1094 1030 1154 Tertius
1057 1094 1273 1154 modus
1306 1093 1490 1171 longe
1525 1093 1766 1171 melior,
1805 1094 1910 1153 ubi
1941 1096 1969 1151 1
2008 1093 2219 1153 eadem
2249 1091 2467 1153 eodem
2497 1099 2680 1171 paeto
2710 1091 2911 1154 divisa

534 1205 576 1269 5
622 1216 790 1269 recta
812 1211 944 1288 AB,
966 1213 1004 1269 2
1032 1209 1227 1270 altera
1253 1210 1345 1269 illi
1374 1210 1648 1289 aequalis
1671 1210 1810 1287 ΑΗ,
1841 1212 1880 1269 3
1910 1210 2171 1287 angulus
2198 1217 2405 1269 rectus
2428 1208 2624 1287 ΒΑΗ,
2656 1211 2695 1267 4
2722 1210 2912 1269 trian-

621 1329 820 1407 guluS,
848 1328 902 1389 si
936 1327 1161 1405 lubeat,
1189 1327 1586 1407 complendus
1620 1327 1816 1403 ΑΒΗ,
1855 1330 1892 1387 5
1926 1326 2221 1406 parallela
2248 1335 2457 1386 sectae
2488 1325 2568 1385 ad
2597 1325 2903 1404 angulum,

620 1444 737 1520 JK,
781 1463 936 1519 quae
977 1452 1074 1505 est
1115 1443 1388 1521 aequalis
1430 1444 1691 1521 singulis
1734 1450 1942 1504 sectae
1985 1442 2099 1502 AB
2135 1463 2246 1503 sex
2300 1443 2611 1521 partibuS,
2655 1451 2718 1503 et
2757 1443 2911 1502 haec

621 1560 853 1637 pariter
894 1580 970 1620 ex
1009 1580 1121 1620 sua
1159 1559 1517 1638 medietate,
1561 1572 1630 1620 ut
1671 1579 1744 1620 ex
1785 1565 2008 1638 puncto
2042 1559 2125 1637 L,
2162 1559 2420 1619 cadente
2472 1567 2645 1620 recta
2683 1559 2802 1618 HL
2845 1558 2908 1617 in

624 1676 949 1757 punffctum
978 1677 1032 1737 G
1063 1676 1493 1738 manifestatur
1525 1677 1586 1735 in
1612 1696 1971 1754 comprenso
2007 1674 2214 1755 spacio
2246 1675 2445 1753 magis
2475 1675 2755 1737 sensibili
2778 1675 2910 1736 BG.
2940 1689 3021 1750 p.
3049 1672 3226 1735 118

496 1785 580 1849 10
623 1793 784 1853 Item
821 1812 895 1853 ex
927 1801 1151 1872 puncto
1186 1793 1253 1852 M
1286 1792 1513 1853 fluente
1539 1801 1710 1854 reeta
1749 1793 1935 1853 HMF
1976 1792 2330 1853 manifestat
2359 1791 2664 1853 secundas
2694 1802 2908 1871 partes

626 1910 687 1968 in
721 1909 926 1988 spacio
966 1910 1402 1989 comprehenso
1445 1909 1609 1970 inter
1640 1910 1693 1969 F
1729 1918 1792 1970 et
1832 1910 1906 1971 B.
1942 1909 2036 1969 De
2078 1909 2328 1969 residuo
2374 1908 2604 1970 dietum
2638 1918 2735 1970 est
2768 1929 2910 1985 quo-

628 2025 806 2085 modo
843 2025 1063 2085 iterum
1095 2025 1424 2105 agendum,
1462 2032 1525 2085 et
1553 2024 1994 2086 demonstratio
2026 2032 2124 2085 est
2154 2024 2365 2086 eadem
2397 2032 2581 2102 atque
2611 2026 2906 2104 proxima.

1462 2228 1661 2273 Quartus
1686 2226 1843 2267 modus
1867 2227 2080 2277 optimus.

801 2380 1083 2468 Optima
1114 2388 1264 2445 tum
1296 2378 1568 2444 demum
1603 2385 1706 2443 est
1743 2377 2105 2444 methodus
2142 2380 2477 2466 parvique
2516 2382 2796 2467 negooi,

494 2498 576 2562 15
625 2497 775 2574 Qua
813 2503 1183 2585 postquam
1219 2504 1323 2561 est
1355 2495 1486 2560 tibi
1520 2502 1704 2560 secta
1741 2494 1959 2580 basiS,
2000 2517 2160 2581 pars
2198 2518 2337 2561 una
2376 2496 2640 2581 trigoni

623 2615 800 2681 Aeta
830 2613 1159 2701 parallela
1193 2611 1548 2700 oppositae
1585 2634 1799 2700 prope
1838 2611 2142 2700 cuspidis
2183 2636 2329 2697 ora,
2857 2643 2910 2682 35

623 2729 814 2806 Quae
853 2751 1150 2816 quoque,
1190 2729 1296 2793 uti
1334 2729 1596 2794 dictum
1635 2735 1763 2813 est,
1799 2729 2128 2795 subiectis
2168 2728 2484 2816 partibus
2523 2729 2668 2795 eius

622 2845 1022 2933 Respondet
1055 2852 1303 2930 sectae,
1343 2847 1612 2932 quoties
1649 2847 1732 2911 de
1772 2846 2053 2933 cuspide
2090 2846 2374 2912 adactus

624 2961 757 3025 Per
795 2963 1002 3027 finem
1039 2961 1258 3048 partis
1289 2969 1475 3028 reeta
1513 2964 1958 3050 protenditur
1996 2961 2237 3046 index,

490 3078 579 3140 ‘20
623 3077 932 3142 Dimidia
967 3078 1140 3142 haee
1171 3079 1434 3144 mediae
1471 3080 1865 3166 respondet,
1901 3085 2185 3164 totaque
2222 3079 2379 3162 toti,

624 3192 1023 3277 Quartaque
1059 3217 1216 3281 pars
1257 3203 1565 3280 quartae,
1603 3197 1699 3260 sio
1731 3196 2051 3282 deinceps
2087 3203 2481 3281 quantaque
2519 3219 2787 3280 cunque
2854 3227 2905 3262 Διο

840 4530 873 4578 9
906 4527 954 4577 G
988 4545 1012 4576 e
1039 4526 1157 4593 BG]
1185 4528 1231 4576 E
1259 4542 1283 4574 e
1311 4526 1408 4575 BE
1534 4524 1596 4573 10
1626 4522 1810 4591 HMF]
1847 4521 2018 4572 ΗΜΘ
2147 4522 2204 4570 11
2241 4520 2396 4569 inter
2423 4515 2486 4584 F]
2516 4517 2671 4566 inter
2696 4514 2746 4564 G

888 4641 1038 4681 Bnum
1068 4640 1175 4691 Opp.
1204 4641 1284 4677 lae.
1311 4638 1355 4688 1,
1378 4640 1419 4677 3.
2534 4629 2585 4673 33
