3738 5268
837 460 916 520 32
966 498 977 511 -
1735 470 2018 517 ionnAm
2059 470 2263 515 imvm

839 670 956 732 na,
982 671 1121 714 una
1155 671 1311 714 cum
1344 648 1464 712 illa
1496 645 1975 713 infelicissima
1998 647 2279 713 sinuum
2312 653 2383 712 et
2414 645 2826 713 chordarum
2855 646 3135 730 techna3

837 774 1086 840 volunt
1121 774 1307 841 enim
1344 773 1681 839 circulum
1719 772 1941 859 magis
1995 772 2070 837 in
2124 771 2598 858 heterogeneis
2657 771 3135 858 manifestare,

840 902 963 987 qui
983 902 1199 968 lateat
1225 901 1299 967 in
1322 901 1790 987 homogeneis,
1816 900 2107 987 proinde
2127 924 2211 966 ex
2234 900 2519 967 definito
2542 901 2801 987 angulo
2828 908 3134 987 quantus

837 1035 942 1094 est
990 1050 1188 1094 arcus
1228 1028 1404 1093 velle
1433 1026 1743 1111 definire,
1782 1026 1949 1112 quid
1988 1026 2180 1092 aliud
2219 1033 2323 1092 est
2364 1048 2574 1112 quam
2612 1025 2698 1091 de
2738 1025 3133 1093 visibilibus

747 1160 789 1223 5
834 1176 957 1240 per
1033 1152 1414 1218 invisibilia
1496 1158 1840 1218 attentare
1915 1151 2240 1218 notitiam
2322 1157 2393 1217 et
2465 1151 2772 1218 studiose
2857 1151 3131 1240 decipi?

833 1280 937 1344 56.
978 1279 1163 1356 Quid
1201 1278 1385 1366 quod
1439 1279 1735 1364 angulus
1775 1277 2077 1363 (Euclidi
2115 1277 2350 1363 etiam)
2389 1285 2512 1345 aut
2550 1278 2955 1345 individuus
2992 1286 3130 1363 est,

830 1410 954 1469 aut
988 1405 1065 1469 in
1100 1403 1271 1470 duas
1303 1405 1654 1471 interdum
1709 1411 1987 1472 tantum
2042 1413 2274 1494 partes
2322 1405 2779 1492 dissecabilis,
2822 1406 3132 1493 quando-

834 1533 1147 1622 quidem,
1210 1532 1269 1599 si
1323 1533 1605 1600 bissecti
1645 1557 1859 1619 unam
1896 1541 2168 1622 partem
2205 1534 2368 1600 licet
2415 1534 2779 1619 bissecare,
2820 1558 2961 1602 non
3020 1544 3127 1603 est

831 1658 1125 1725 eundem
1164 1660 1500 1745 angulum
1538 1659 1912 1745 attingere,
1954 1658 2071 1725 sed
2110 1660 2438 1744 alterum,
2489 1666 2570 1725 ut
2627 1659 2831 1726 facile
2890 1668 3120 1748 potest

704 1784 787 1848 10
832 1784 1266 1852 manifestari
1286 1784 1360 1850 in
1391 1786 1469 1872 ἓ
1495 1783 1759 1871 figura?
1781 1785 1887 1849 57.
1909 1784 2215 1851 Tantum
2247 1806 2410 1871 ergo
2442 1784 2638 1851 abest
2678 1792 2758 1851 ut
2804 1785 3117 1853 doctrina

832 1912 1168 1979 eiusmodi
1227 1912 1739 2000 triangulorum
1799 1920 1869 1979 et
1925 1912 2337 1980 chordarum
2392 1919 2463 1980 et
2518 1913 2799 1981 sinuum
2854 1938 3119 2002 geome-

832 2042 1006 2107 triae
1063 2041 1372 2108 Euclidis
1430 2046 1667 2128 (quam
1724 2043 1917 2109 velut
1972 2042 2369 2109 inchoatam
2424 2065 2504 2110 ea
2541 2044 2810 2111 ratione
2871 2044 3118 2133 accipi-

830 2174 985 2250 unt)
1028 2167 1036 2255 Ι
1078 2167 1345 2253 aliquid
1374 2174 1793 2254 apponatur,
1826 2173 1909 2234 ut
1938 2175 2120 2235 certe
2151 2174 2429 2236 tantum
2460 2171 2549 2237 ab
2575 2170 2693 2237 illa
2720 2170 3112 2255 detrahant,
3162 2181 3211 2231 ο
3244 2170 3348 2231 4¹·

831 2301 1173 2383 quantum
1209 2295 1608 2381 ignorantia
1645 2294 1722 2360 in
1758 2294 1890 2361 hoc
1926 2318 2177 2382 genere
2209 2296 2513 2363 detrahit
2544 2320 2584 2364 a
2619 2298 2968 2382 doctrina3
3009 2322 3116 2365 ca-

702 2416 783 2481 15
829 2446 977 2491 rere
1009 2416 1194 2489 enim
1225 2428 1702 2511 protestantur
1739 2445 1816 2489 eo
1847 2421 2131 2509 lumine,
2167 2423 2351 2512 quod
2383 2424 2458 2489 in
2486 2424 2795 2491 Euclidis
2827 2425 3119 2490 elemen-

827 2552 919 2617 tis
957 2551 1362 2640 explicatur.
1401 2551 1505 2616 58.
1545 2548 1883 2616 Centrum
1922 2550 2104 2637 quod
2143 2557 2245 2616 est
2283 2550 2649 2637 terminUS,
2690 2573 2937 2640 nempe
2975 2574 3117 2619 me-

828 2677 1021 2744 dium
1054 2678 1446 2763 minimum,
1479 2677 1657 2743 velle
1689 2678 1817 2744 sub
1854 2677 2134 2744 nomine
2172 2678 2415 2765 anguli
2452 2678 2787 2766 dividere,
2821 2685 2925 2747 est
2957 2687 3112 2748 tuto

827 2806 1007 2871 circa
1061 2804 1361 2870 nihilum
1416 2803 1759 2891 negotiari
1820 2809 1890 2870 et
1934 2805 2294 2891 negotium
2333 2804 2482 2872 ocio
2526 2805 2750 2894 peius3
2789 2806 2913 2873 ubi
2948 2829 3113 2873 vero

827 2929 1012 3016 quod
1050 2935 1154 2995 est
1191 2928 1560 2995 minimum
1596 2952 1636 2996 a
1676 2928 1878 2996 lineis
1910 2929 2315 3017 attingitur,
2350 2930 2859 3018 respiciendum
2887 2939 2992 2998 est
3024 2931 3112 2998 ad

693 3055 782 3119 20
827 3055 1219 3140 minimum,
1283 3054 1467 3140 quod
1526 3054 2033 3143 circumpositis
2091 3060 2368 3122 tantum
2429 3079 2547 3123 sex
2602 3057 2756 3123 aliis
2807 3057 3112 3146 spatium

826 3186 1142 3272 complet.
1185 3186 1303 3250 59.
1354 3185 1495 3250 Nos
1552 3182 1939 3250 indicamus
2000 3207 2394 3251 mensuram
2453 3207 2653 3251 arcus
2700 3208 2740 3252 a
2788 3207 3111 3252 mensura

826 3311 1065 3378 circuli
1102 3312 1297 3378 cuius
1344 3318 1449 3376 est
1495 3333 1725 3395 arcuS,
1766 3316 1836 3375 et
1874 3333 2266 3376 mensuram
2314 3312 2488 3378 recti
2545 3320 2696 3378 tum
2752 3335 2836 3378 ex
2898 3312 3114 3378 trian-

823 3440 987 3526 gulo
1026 3439 1449 3524 aequilatero
1497 3443 1650 3502 tum
1696 3459 1782 3501 ex
1828 3435 2120 3522 circulo,
2163 3437 2327 3522 quia
2386 3445 2551 3503 sunt
2612 3438 2748 3504 duo
2810 3439 3109 3505 maxima

823 3572 894 3631 et
930 3564 1243 3650 minima,
1286 3587 1489 3651 quae,
1532 3565 1641 3631 vel
1678 3571 1759 3631 ut
1795 3570 1945 3631 tota
1985 3564 2083 3630 sic
2114 3564 2577 3650 continentia,
2617 3566 2727 3632 vel
2767 3573 2846 3631 ut
2876 3572 3109 3653 partes

691 3690 775 3754 25
822 3693 920 3759 sic
958 3699 1349 3778 contentae,
1389 3714 1750 3758 mensurae
1788 3698 1972 3757 sunt.
2013 3692 2117 3757 60.
2159 3690 2487 3757 Omnium
2528 3713 2685 3758 cum
2723 3691 2979 3780 duplex
3017 3692 3110 3757 sit

824 3811 1197 3908 quadi-endi
1227 3820 1471 3888 modus
1499 3820 1680 3886 circa
1712 3841 2005 3905 parvum
2052 3825 2175 3885 aut
2221 3818 2679 3906 quodcunque
2711 3819 3105 3903 minimum,

820 3948 930 4014 vel
969 3948 1281 4014 absolute
1319 3951 1388 4012 et
1425 3967 1509 4010 ex
1546 3951 1796 4011 natura
1833 3945 1935 4011 rei
1974 3950 2246 4032 (nempe
2284 3945 2406 4010 ubi
2453 3944 2840 4031 quaeritur,
2891 3966 3110 4010 exem-

821 4075 923 4164 pli
961 4075 1216 4162 gratia,
1260 4080 1471 4161 quota
1527 4097 1687 4161 pars
1745 4080 1850 4140 est
1916 4073 2122 4139 huius
2171 4073 2413 4139 circuli
2468 4072 2675 4138 haec?
2727 4079 2851 4139 aut
2897 4081 3108 4160 quota

823 4224 983 4288 pars
1060 4200 1228 4267 haec
1307 4200 1515 4265 huius
1593 4200 1861 4285 rectiP),
1944 4200 2057 4266 vel
2129 4223 2212 4266 ex
2292 4199 2766 4288 suppositione
2831 4205 3105 4286 (nempe

1008 4470 1039 4520 2
1073 4468 1469 4532 etherogeneis
1596 4469 1629 4518 6
1662 4468 1962 4521 iniuiduus
