3738 5268
1098 522 1407 567 An'mcvm
1446 522 1789 567 ADVERSVS
1826 522 2362 567 MA'rnEMA'rmOS.
2792 505 2867 564 75

592 699 735 764 153.
763 698 1214 764 Horizontem
1235 698 1693 764 universalem
1713 696 1974 763 frustra
1993 705 2247 784 putant
2272 720 2486 762 unum
2513 720 2646 762 eun
2666 696 2869 774 {dem-
2913 708 2973 771 q
3013 694 3094 755 1¹·

588 847 721 908 que
789 824 1120 888 circulum
1190 846 1333 888 esse
1399 846 1617 910 posse.
1677 822 1753 887 Si
1791 822 2048 909 quippe
2103 822 2388 887 horizon
2446 830 2578 907 est,
2629 822 2687 886 is
2727 822 2874 906 qui-

588 949 741 1013 dem
805 950 877 1014 in
927 948 1289 1013 indefinita
1356 948 1653 1032 quadam
1723 947 2140 1034 superficiali
2216 947 2642 1013 dimensione
2719 970 2870 1013 con-

589 1073 800 1156 sistit,
842 1098 1014 1159 quae
1071 1073 1448 1139 conoidalis
1506 1081 1608 1138 est
1663 1074 1928 1159 figurae
1974 1081 2041 1137 et
2090 1073 2283 1138 cuius
2321 1074 2618 1158 angulus
2657 1081 2759 1139 est
2798 1073 2872 1137 in

501 1194 543 1258 5
590 1198 990 1285 aspicientis
1029 1198 1253 1279 oculo;
1317 1198 1510 1264 cuius
1566 1197 1908 1262 terminus
1963 1205 2066 1261 est
2121 1198 2488 1284 multiplex
2549 1198 2871 1280 circuluS,

593 1326 874 1409 [utpote]
932 1331 1141 1410 prout
1194 1323 1559 1409 multiplex
1596 1330 1698 1388 est
1736 1323 2092 1387 stellarum
2149 1322 2477 1389 circuitus
2533 1345 2874 1409 apparens

593 1449 966 1514 orientium
1011 1457 1080 1513 et
1128 1447 1590 1514 occidentium
1642 1447 1822 1512 circa
1872 1448 2206 1512 tellurem.
2269 1448 2409 1512 154.
2469 1448 2678 1513 Hunc
2732 1469 2874 1513 non

593 1581 883 1660 possunt
928 1574 1223 1660 probare
1270 1573 1589 1658 aequales
1627 1572 2017 1656 relinquere
2055 1572 2298 1637 circuli
2336 1595 2545 1659 supra
2583 1578 2651 1637 et
2689 1570 2878 1637 infra

592 1698 1172 1785 hemisphaerium
1230 1697 1603 1785 portiones.
1669 1697 1811 1761 155.
1876 1697 2096 1773 Quam
2156 1696 2388 1783 inepte
2449 1696 2877 1762 definiuntur

467 1817 550 1880 10
594 1823 845 1909 tropici
884 1823 1123 1887 circuli
1161 1822 1248 1888 ab
1288 1822 1372 1886 iis
1411 1822 1532 1907 qui
1578 1844 1690 1886 eos
1738 1821 1939 1888 aiunt
1994 1821 2284 1886 circulos
2335 1821 2659 1887 minimos
2708 1843 2877 1905 quos

594 1949 694 2015 sol
733 1948 1104 2032 describat,
1146 1970 1299 2013 cum
1349 1970 1490 2012 non
1528 1946 1866 2012 minorem
1906 1946 2265 2025 circulum,
2316 1946 2433 2011 sed
2481 1969 2718 2011 arcum
2757 1946 2880 2010 mi-

594 2097 833 2139 norem
889 2072 1026 2137 diei
1081 2072 1190 2137 vel
1248 2072 1471 2137 noctis
1537 2071 1634 2136 ibi
1687 2071 2078 2137 habeamus
2137 2071 2252 2135 An
2307 2071 2471 2136 solis
2528 2070 2579 2134 ii
2637 2069 2878 2135 circuli

596 2199 894 2264 minores
941 2204 1104 2262 sunt
1151 2196 1684 2282 aequinoctiali?
1727 2198 1873 2261 156.
1913 2197 2008 2260 Et
2053 2196 2176 2262 ubi
2222 2203 2385 2260 sunt
2435 2195 2508 2260 hi
2568 2195 2723 2261 aliis
2767 2196 2877 2260 vel

596 2323 717 2388 alii
764 2323 919 2388 aliis
966 2320 1310 2408 paralleli,
1348 2329 1833 2408 praeterquam
1873 2321 1948 2385 in
1989 2321 2073 2386 iis
2122 2320 2493 2407 organiciS,
2538 2343 2706 2407 quas
2745 2320 2878 2385 sibi

468 2453 548 2518 15
597 2451 874 2534 fingunt
912 2446 1164 2512 solidas
1212 2453 1279 2511 et
1338 2446 1763 2512 armillares?
1827 2448 1973 2510 157.
2023 2446 2301 2511 Polares
2350 2445 2592 2510 circuli
2646 2468 2882 2511 secun-

596 2575 759 2639 dum
798 2573 897 2638 rei
946 2571 1307 2638 veritatem
1356 2594 1577 2657 neque
1625 2572 1917 2637 maiores
1967 2594 2187 2657 neque
2235 2571 2534 2637 minores
2582 2570 2703 2637 alii
2751 2571 2880 2637 ulli

598 2706 787 2783 sunt,
846 2698 899 2762 ii
944 2697 1267 2763 videlicet
1333 2697 1450 2782 qui
1508 2697 1934 2763 definiuntur
1993 2706 2186 2763 motu
2242 2699 2560 2784 polorum
2616 2696 2880 2762 zodiaci

597 2825 778 2889 circa
816 2823 1056 2889 mundi
1083 2824 1302 2909 poIOS,
1332 2823 1448 2887 sed
1484 2822 1764 2888 omnino
1797 2822 2196 2908 imaginarii
2231 2830 2393 2889 sunt
2425 2832 2633 2907 atque
2666 2823 2880 2910 phan-

596 2948 847 3014 tastici.
886 2949 1139 3013 Stellae
1172 2948 1357 3012 enim
1388 2970 1611 3033 neque
1644 2954 1834 3012 motu
1867 2947 2287 3013 firmamenti
2330 2947 2623 3014 alicuius
2658 2971 2880 3032 neque

463 3082 553 3145 20
596 3072 878 3162 proprio
917 3074 1088 3137 tales
1127 3074 1431 3159 recipere
1469 3079 1757 3159 possunt
1790 3072 2282 3155 revolutioneS,
2317 3070 2432 3136 sed
2467 3072 2879 3158 vertiginem

597 3200 788 3266 illam
828 3221 969 3264 esse
1008 3205 1279 3263 constat
1318 3197 1392 3261 in
1447 3196 1968 3283 indisciplinato
2015 3196 2212 3282 vulgi
2250 3219 2450 3261 sensu
2489 3204 2558 3262 et
2595 3197 2885 3262 halluci-

596 3334 761 3390 nato
799 3334 1351 3390 astronomorum
1392 3323 1635 3408 capite.
1680 3323 1826 3387 158.
1867 3322 2020 3386 Poli
2058 3322 2134 3386 in
2173 3322 2495 3386 universo
2535 3344 2676 3387 non
2716 3329 2881 3388 sunt

599 3449 1079 3517 rationabilius
1119 3448 1237 3512 illa
1276 3448 1409 3513 duo
1447 3456 1733 3534 puncta,
1775 3469 1981 3532 quam
2029 3446 2164 3511 duo
2214 3445 2562 3532 quaelibet
2621 3447 2786 3530 alia3
2826 3446 2879 3511 ii

598 3598 761 3641 vero
809 3576 944 3641 duo
993 3574 1113 3660 qui
1153 3574 1225 3637 in
1263 3596 1400 3638 uno
1441 3572 1733 3637 instanti
1774 3572 1783 3658 Ι
1824 3572 2183 3658 pertinent
2239 3570 2326 3636 ad
2385 3571 2730 3655 tellurem,
2770 3593 2884 3636 ne·
2928 3593 2988 3656 q
3026 3579 3110 3640 1ν

464 3705 551 3770 25
599 3710 859 3787 queunt
898 3710 1080 3766 certe
1119 3700 1193 3763 in
1226 3698 1361 3764 alio
1393 3697 1758 3784 pertinere.
1796 3697 1939 3761 159.
1982 3696 2181 3773 Quod
2219 3695 2548 3782 sphaerae
2587 3704 2883 3761 contem-

603 3828 980 3915 plationem
1018 3824 1439 3891 concludunt
1478 3845 1632 3887 cum
1681 3822 1998 3887 miranda
2039 3822 2158 3887 illa
2198 3820 2461 3908 eclipsi,
2500 3821 2629 3887 hoc
2667 3843 2884 3885 unum

603 3976 742 4017 non
780 3950 1071 4017 absurde
1109 3948 1414 4031 faciunt,
1456 3956 1533 4013 ut
1573 3956 1756 4012 certo
1797 3947 2037 4013 ruditu
2073 3947 2184 4012 vel
2223 3946 2490 4033 crepitu
2531 3945 2885 4011 cuiusdam

598 4075 1042 4163 energumeni
1090 4074 1341 4140 cuculli
1387 4080 1455 4137 et
1502 4072 1950 4137 vociferantis
1991 4071 2168 4136 asini
2208 4070 2661 4156 (Areopagita
2700 4070 2886 4135 enim

597 4201 706 4265 vir
745 4201 860 4265 ille
899 4210 1081 4265 certe
1130 4222 1273 4264 esse
1312 4222 1452 4263 non
1490 4198 1744 4284 potuit)
1793 4197 1931 4262 tale
1971 4220 2140 4284 opus
2180 4195 2645 4279 clauderetur,
2701 4196 2885 4281 quod

596 4488 625 4538 -1
661 4485 995 4550 conoydalis
1122 4485 1154 4532 9
1187 4483 1627 4551 limnispaerium
1760 4483 1818 4531 15
1851 4496 2070 4530 numero
2096 4480 2188 4528 257
2323 4480 2387 4528 26
2423 4479 2637 4545 eclypsi
