3738 5268
1099 556 1191 601 m:
1232 556 1583 603 Pamcu’ns
1623 558 1981 603 unnsvam
2023 560 2107 602 ΕΤ
2146 560 2459 605 mavum.
2804 546 2924 605 273

642 730 760 785 que
795 709 995 770 diadis
1037 720 1219 790 atque
1271 712 1549 772 monadis
1601 714 2048 774 combinatione
2079 715 2141 774 in
2176 715 2453 790 triadem,
2525 735 2766 776 rursum
2807 736 2926 774 mo-

640 827 800 887 nade
835 848 969 886 cum
1012 826 1213 887 triade
1266 835 1329 888 et
1381 828 1582 888 triade
1618 850 1750 889 cum
1787 830 1967 890 diade
2003 831 2369 910 composita,
2406 839 2593 909 atque
2627 831 2724 891 his
2758 831 2922 891 aliis-

640 967 758 1025 que
829 967 960 1009 cum
1017 949 1300 1026 reliquis,
1377 957 1674 1029 perpetuo
1737 949 1816 1010 ad
1868 950 2392 1010 innumerabilium
2460 949 2926 1028 productionem

642 1064 811 1125 varia
833 1063 1273 1143 multiplicique
1309 1067 1504 1126 coitus
1538 1067 1744 1146 specie
1773 1086 2159 1144 promovens,
2192 1088 2368 1143 quam
2398 1086 2556 1125 nunc
2584 1065 2827 1142 quidem
2861 1063 2923 1123 in

552 1175 595 1241 ὅ
640 1180 907 1241 numeris
960 1189 1143 1258 atque
1194 1182 1494 1242 mensuris
1546 1183 1995 1259 mathematice,
2036 1183 2189 1242 alias
2238 1182 2299 1241 in
2352 1203 2553 1241 rerum
2605 1181 2923 1241 elementis

640 1300 922 1378 physice,
950 1301 1290 1376 iterumque
1321 1300 1384 1359 in
1417 1299 1603 1360 ideali
1639 1301 1648 1380 Ι
1686 1317 1989 1378 supraque
2017 1300 2320 1360 mundana
2354 1299 2612 1376 quadam
2649 1299 2925 1378 prolifica
2946 1286 3241 1362 P·134=

639 1415 776 1476 luce
810 1416 1233 1495 metaphysice
1266 1417 1669 1494 speculamur.

803 1528 836 1576 “l
879 1535 931 1593 6.
977 1533 1077 1592 Ad
1120 1534 1503 1611 propositum
1559 1554 1705 1612 ergo
1760 1533 2107 1611 praesentis
2159 1533 2696 1611 contemplationis
2731 1533 2924 1612 appli-

642 1656 878 1725 canteS,
923 1671 998 1709 ex
1032 1649 1291 1710 monade
1316 1658 1529 1710 nostra
1563 1670 1715 1727 quae
1751 1658 1849 1710 est
1882 1659 2145 1728 punctus
2179 1650 2242 1708 in
2278 1649 2738 1729 propagandam
2772 1651 2921 1709 mul-

511 1766 595 1829 lO
643 1767 965 1827 titudinem
996 1788 1107 1828 suo
1152 1768 1572 1829 contendimus
1607 1768 1846 1844 ordine,
1892 1768 1996 1827 ubi
2053 1786 2263 1827 monas
2316 1768 2392 1826 ab
2443 1786 2581 1828 esse
2638 1768 2919 1827 absoluto

641 1885 908 1945 evaserit
938 1885 1161 1945 alicubi
1203 1887 1324 1946 sita
1375 1906 1612 1959 monas,
1665 1885 1804 1946 heic
1854 1885 2098 1962 quidem
2155 1893 2418 1945 atomum
2478 1906 2724 1964 corpus,
2787 1886 2922 1945 heic

639 2021 786 2062 vero
822 2010 1100 2081 punctus,
1131 2004 1252 2063 Hic
1285 2011 1488 2064 autem
1522 2003 1600 2063 ad
1634 2004 1893 2064 alterum
1925 2003 2320 2063 constitutum
2357 2001 2535 2063 finem
2572 2023 2681 2063 seu
2716 2003 2919 2063 termi-

639 2144 781 2182 num
816 2122 1089 2183 defiuens
1111 2122 1312 2200 gignit
1333 2121 1532 2181 diadis
1568 2121 1977 2199 simulacrum,
2008 2121 2249 2181 lineam.
2284 2118 2451 2190 Quae
2483 2120 2720 2182 duobus
2747 2121 2922 2183 finita

639 2241 915 2302 terminis
945 2249 1050 2301 aut
1079 2262 1235 2318 vage
1258 2241 1607 2301 discurrens
1632 2240 1785 2300 nihil
1823 2241 2239 2319 concluderet,
2270 2242 2567 2319 firmaret,
2598 2243 2918 2320 figuraret;

508 2362 591 2426 15
641 2361 742 2420 vel
776 2360 839 2418 in
895 2361 1143 2421 tertium
1178 2359 1502 2419 terminum
1556 2379 1930 2419 communem
1986 2359 2349 2438 applicabit,
2408 2368 2472 2419 et
2527 2372 2669 2420 tunc
2724 2362 2919 2439 prima

634 2477 836 2554 figura
877 2477 1182 2554 triangula
1218 2475 1609 2552 consequitur
1641 2476 1703 2535 in
1745 2497 1860 2538 uno
1908 2476 2120 2536 ordine
2168 2478 2489 2555 princeps;
2527 2478 2629 2537 vel
2664 2486 2920 2554 uterque

635 2593 931 2654 terminus
963 2593 1026 2652 in
1059 2593 1328 2672 seipsum
1372 2592 1532 2654 circa
1584 2593 1844 2654 alterum
1879 2612 2209 2655 conversus
2262 2592 2623 2673 reflectitur,
2679 2601 2743 2655 et
2777 2602 2921 2655 tunc

637 2724 733 2775 est
767 2714 961 2793 prima
1001 2714 1158 2773 alius
1200 2713 1432 2774 ordinis
1475 2714 1686 2790 figura.
1744 2714 2035 2789 Haecque
2091 2723 2187 2774 est
2224 2735 2260 2773 a
2292 2714 2570 2775 monadis
2624 2713 2915 2792 imagine,

634 2838 876 2910 punct0,
915 2831 1110 2909 prima
1138 2829 1437 2909 producta
1469 2830 1651 2908 trias,
1675 2838 1867 2909 recta,
1894 2831 2258 2908 triangulus,
2291 2830 2569 2906 circulus,
2614 2848 2766 2906 quae
2800 2851 2920 2890 om-

501 2945 590 3008 20
633 2949 799 3008 nium
841 2949 1287 3025 characterum,
1323 2948 1653 3025 figurarum
1697 2955 1761 3009 et
1800 2949 2130 3026 imaginum
2172 2955 2315 3008 sunt
2356 2947 2674 3027 principia.
2707 2946 2921 3007 Subin-

633 3065 831 3142 deque
867 3065 943 3124 de
987 3066 1204 3125 triadis
1247 3066 1426 3126 istius
1481 3065 1712 3144 primae
1769 3065 2239 3143 particularibus
2296 3064 2594 3142 principia
2650 3065 2914 3123 omnium

632 3183 907 3261 proxima
942 3192 1416 3262 consequuntur,
1447 3185 1551 3243 ubi
1586 3184 1914 3263 tripliciter
1945 3192 2117 3243 recta
2153 3203 2286 3242 cum
2319 3191 2488 3243 recta
2529 3183 2591 3241 in
2625 3183 2915 3260 angulum

630 3301 939 3360 concurrit
991 3300 1069 3359 ad
1123 3300 1385 3378 triplicis
1440 3299 1731 3377 trianguli
1787 3300 2058 3377 speciem
2115 3298 2517 3374 educendam,
2578 3318 2731 3375 quae
2786 3307 2914 3357 tum

629 3437 912 3477 mensura
939 3425 1066 3477 tum
1104 3417 1532 3477 mensurabilis
1568 3437 1703 3476 cum
1735 3417 1964 3494 triplici
2008 3413 2369 3475 circulorum
2415 3414 2627 3474 ordine
2673 3435 2914 3492 compe·

498 3534 584 3597 25
630 3537 806 3596 ritur.
845 3535 948 3594 Sic
990 3554 1023 3593 e
1066 3534 1511 3594 mathematicis
1546 3534 1623 3593 ad
1658 3532 2122 3612 profundiorum
2156 3534 2521 3593 naturalium
2555 3534 2918 3612 speculatio-

628 3671 768 3711 nem
806 3660 869 3712 et
903 3651 1248 3711 divinorum
1283 3650 1858 3730 contemplationem
1904 3650 2306 3729 adspiramus.

789 3765 822 3811 ‘¹¹
867 3770 958 3827 13.
1002 3767 1274 3828 Primum
1318 3766 1544 3827 fluente
1597 3777 1821 3847 puncto
1878 3776 1976 3827 est
2029 3767 2191 3826 linea
2244 3773 2441 3842 recta,
2500 3784 2654 3841 quae
2704 3767 2757 3825 si
2793 3786 2910 3825 uno

626 3894 897 3945 extremo
935 3886 1053 3944 fixo
1083 3886 1275 3945 altero
1308 3892 1627 3945 moveatur
1671 3904 1862 3960 usque
1897 3884 1977 3944 ad
2019 3882 2407 3943 reflexionem
2455 3882 2515 3940 in
2551 3882 2741 3959 idem,
2778 3902 2914 3959 pro-

625 4003 793 4062 ducit
821 4003 1096 4082 planum3
1131 4002 1293 4079 quod
1329 4003 1381 4061 si
1417 4010 1734 4061 constante
1771 4008 1980 4061 centro
2027 3999 2367 4059 invertatur
2421 3999 2803 4058 semicirculo
2846 3997 2908 4056 in

495 4124 583 4187 30
629 4120 1074 4182 semicirculum
1118 4140 1150 4179 e
1202 4118 1467 4195 vestigio
1520 4118 1880 4196 confluente,
1918 4118 2201 4196 producit
2240 4117 2585 4195 sphaeram.
2643 4114 2761 4174 Vel
2804 4115 2905 4174 ubi

625 4239 824 4301 fluxus
859 4240 1069 4318 puncti
1104 4238 1276 4299 dedit
1317 4239 1598 4316 longum,
1646 4238 1844 4297 fluxus
1891 4237 2059 4314 longi
2117 4237 2332 4312 latum,
2374 4236 2569 4295 fluxus
2605 4234 2713 4293 lati
2772 4254 2908 4313 pro-

629 4358 898 4428 fundum,
943 4356 1022 4415 ad
1064 4364 1342 4431 quartum
1385 4354 1821 4431 magnitudinis
1864 4376 2058 4431 genus
2099 4375 2219 4413 non
2262 4362 2359 4413 est
2401 4353 2632 4427 aditus;
2671 4353 2812 4428 quia
2845 4352 2907 4410 in

818 4559 845 4607 1
882 4557 1294 4608 conbinationc
1421 4558 1453 4606 8
1485 4556 1844 4621 proppsitum

895 4673 1044 4710 BRUM
1083 4672 1191 4719 Opp.
1217 4672 1297 4708 lut.
1325 4671 1360 4715 1,
1385 4672 1426 4708 3.
2536 4667 2587 4705 33
