3738 5268
849 511 970 570 230
1448 526 1722 573 mamm
1766 527 1968 573 murm
2010 529 2099 573 DE
2140 528 2414 590 ummo,
2456 528 2523 572 11.

1739 891 2042 963 CAPVT
2113 892 2305 958 XIV.

1129 1070 1363 1135 Quomodo
1400 1099 1456 1127 ox
1496 1093 1617 1127 tactu
1655 1088 1701 1127 in
1738 1093 1904 1139 puncto
1937 1090 2227 1139 consignetur
2257 1095 2382 1129 recta.
2410 1090 2578 1131 circulo
2616 1091 2845 1141 aequalis,

1173 1164 1217 1198 et
1246 1159 1524 1199 lussnitorum
1556 1162 1822 1209 punctorum
1846 1159 2099 1198 successiva
2122 1159 2331 1199 transitio
2355 1160 2403 1199 iu
2428 1164 2629 1210 tompore
2655 1160 2800 1200 finito.

1025 1396 1220 1462 Adde
1260 1402 1338 1461 ut
1376 1403 1445 1460 et
1484 1396 1558 1460 in
1594 1402 1852 1483 puncto
1893 1395 1953 1460 si
1983 1401 2230 1480 tangat
2268 1394 2622 1482 sphaerica
2658 1395 2943 1483 planum

757 1501 800 1565 5
847 1512 1296 1599 Continuam,
1339 1535 1417 1577 ac
1452 1512 1689 1577 veniat
1727 1518 1910 1577 recte
1948 1512 2259 1577 revoluta
2296 1535 2420 1599 per
2454 1512 2653 1594 illud,

844 1630 1216 1716 Adpictam
1254 1628 1567 1713 sequitur
1605 1650 1852 1693 curvae
1884 1627 2177 1713 longedo
2218 1651 2338 1715 per
2368 1629 2591 1715 ipsam

847 1744 1240 1810 Clarescens
1277 1750 1552 1808 rectam.
1591 1742 1764 1808 Dico
1806 1742 2115 1808 revoluta
2148 1743 2370 1829 figura
2406 1743 2573 1808 haec

847 1862 979 1928 Per
1013 1863 1300 1949 planum
1338 1862 1692 1928 invertens
1732 1884 1828 1943 se,
1868 1868 2060 1926 motu
2100 1861 2549 1928 continuante

846 1978 1263 2044 Continuam
1301 1977 1531 2064 signet
1569 2000 1690 2044 sua
1723 2000 1845 2064 per
1882 1976 2178 2063 vestigia
2217 1983 2474 2043 rectam

715 2088 801 2153 10
845 2096 929 2160 In
967 2095 1174 2183 plano
1213 2095 1591 2181 aequalem,
1633 2093 1825 2159 cuius
1864 2093 1957 2159 sit
1994 2093 2328 2159 terminus
2368 2094 2549 2159 idem

845 2213 1180 2296 PunctuS,
1220 2210 1343 2276 ubi
1376 2209 1703 2275 acciderit
1741 2232 2013 2275 rursum
2049 2209 2356 2275 subiecta
2393 2217 2627 2275 tenere

842 2327 1074 2409 Plani,
1111 2327 1230 2413 qui
1266 2325 1530 2413 primus
1563 2325 1808 2392 tenuit.
1850 2326 2285 2412 Quapropter
2319 2332 2397 2392 ut
2435 2326 2680 2391 ambae

843 2444 1170 2510 Partibus
1208 2442 1586 2508 innumeris
1626 2442 2042 2526 consistunt,
2082 2442 2543 2527 continueque

783 2570 793 2580 '
847 2559 934 2624 Se
971 2559 1333 2647 attingunt
1369 2537 1627 2647 puncto
1666 2558 1998 2623 nimirum
2035 2581 2300 2646 semper
2338 2558 2413 2622 in
2447 2580 2585 2623 uno

713 2670 797 2737 15
846 2678 1161 2763 Singula,
1201 2700 1328 2743 nec
1364 2683 1590 2742 rectae
1629 2675 1899 2762 cyclum
1939 2675 2339 2762 contingere
2377 2675 2576 2762 plura

846 2792 1257 2877 Conveniat,
1299 2791 1477 2879 cycli
1515 2815 1736 2878 neque
1774 2793 1975 2880 plura
2013 2792 2357 2877 attingere
2394 2799 2686 2874 rectam3

842 2911 1189 2977 Inviolata
1227 2911 1413 2977 cadit
1451 2911 1796 2978 conclusio
1834 2912 2168 2996 firmaque
2205 2911 2486 2976 tandem

845 3029 1077 3093 Motus
1116 3035 1194 3093 ut
1229 3027 1342 3092 hic
1380 3027 1737 3092 infinitum
1774 3027 2190 3114 percurrerit
2228 3026 2486 3115 ipsum,

849 3146 983 3212 Seu
1021 3145 1304 3232 physice
1337 3145 1567 3231 capias
1606 3168 1723 3210 seu
1762 3146 2006 3231 quavis
2046 3151 2225 3210 sorte
2264 3143 2609 3210 mathesis.

713 3257 800 3321 20
846 3261 971 3328 Sat
1004 3261 1063 3327 si
1103 3262 1427 3327 continue
1465 3260 1677 3326 fuerit
1709 3261 2060 3345 resolutio,
2103 3268 2171 3326 et
2207 3261 2418 3326 inter-

845 3379 1081 3444 missio
1120 3401 1260 3443 non
1299 3378 1533 3461 fuerit,
1575 3401 1710 3463 qua
1748 3378 1947 3465 tangi
1985 3385 2054 3444 et
2085 3385 2369 3464 tangere
2407 3377 2709 3465 adusque

846 3494 932 3560 Se
971 3495 1105 3561 duo
1144 3494 1500 3578 desierint3
1542 3495 1659 3560 sed
1695 3518 1820 3560 nos
1859 3501 2122 3561 tactum
2156 3494 2304 3560 sine
2342 3495 2477 3560 fine

845 3611 1017 3677 Cum
1056 3634 1339 3678 numero
1377 3632 1719 3696 nusquam
1756 3635 1916 3676 vere
1949 3617 2070 3677 aut
2105 3633 2231 3698 pro
2269 3633 2465 3698 posse
2502 3618 2844 3697 putamus.

847 3727 980 3793 Sed
1018 3726 1216 3793 modo
1257 3727 1662 3793 distinctum
1700 3735 1964 3793 tactum
2003 3750 2043 3792 a
2075 3733 2430 3814 tangente,
2472 3749 2831 3792 recurvum

712 3850 797 3914 25
845 3846 911 3910 A
948 3850 1167 3927 recte,
1205 3866 1561 3928 nunquam
1598 3843 1858 3908 facient
1895 3866 2034 3908 non
2075 3844 2480 3909 continuum
2519 3867 2661 3908 esse

845 3962 1256 4028 Contactam
1297 3961 1370 4027 in
1407 3969 1697 4050 punctO,
1737 3984 1961 4046 neque
2000 3960 2478 4047 contingentia
2516 3983 2782 4048 semper

848 4080 1012 4144 Esse
1052 4078 1438 4164 sigillatim
1479 4077 1818 4163 siquidem
1856 4085 1925 4143 et
1965 4077 2273 4143 subiecta
2311 4078 2670 4162 negabunt

846 4193 1056 4259 Plura
1094 4192 1552 4281 superiectum
1590 4193 1899 4281 pertingi
1936 4216 2134 4280 posse
2170 4216 2293 4280 per
2330 4215 2564 4258 unum.

847 4307 1024 4373 Nam
1064 4309 1216 4393 quis
1255 4309 2008 4394 confingetrationem,
2049 4332 2184 4394 qua
2225 4308 2453 4374 minus
2491 4331 2636 4373 esse

1027 4543 1060 4595 2
1093 4542 1493 4606 consignatum
1520 4560 1607 4592 ma
1635 4543 1705 4607 cf.
1733 4559 1905 4608 sopra
1927 4559 1986 4607 1²·
2018 4545 2140 4603 126,
2176 4544 2239 4592 19

3088 2473 3137 2509 10

3086 3054 3135 3093 15

3083 4222 3135 4262 25

3246 1738 3454 1802 ‚92
