3738 5268
1496 524 1583 567 m:
1626 521 1956 568 MENSVRA.
2751 506 2864 565 301

579 676 982 742 Tentabunt
1019 675 1277 743 frustra
1314 678 1505 743 velut
1543 699 1681 743 uno
1720 678 2001 743 tramite
2040 678 2284 744 adacta
2818 705 2869 742 20

578 792 872 858 Finibus
909 816 945 857 e
981 793 1194 858 variis
1233 794 1442 858 finem
1481 794 1896 859 contendere
1938 794 2011 859 in
2051 817 2296 879 unum,

579 908 677 973 Ut
715 930 854 973 non
893 908 1177 974 dividua
1217 909 1609 974 consistunt
1647 909 1944 993 denique
1983 908 2205 973 forma

579 1022 897 1110 Singula,
935 1026 1046 1090 vel
1083 1026 1385 1112 propriis
1424 1032 1697 1090 tantum
1739 1032 1901 1091 sunt
1940 1025 2257 1111 partibus
2297 1047 2551 1106 unum,

489 1132 530 1195 5
579 1139 654 1204 Si
691 1140 1089 1206 methodum
1128 1141 1514 1206 adtendunt
1552 1141 1907 1228 propriam
1945 1163 2399 1226 numerosque
2440 1140 2733 1205 meandi.

578 1257 1014 1346 Quapropter
1052 1261 1355 1325 numeris
1395 1260 1781 1346 dispersum
1818 1259 2246 1344 materiaque
2812 1286 2866 1325 23

578 1373 776 1440 Dixit
816 1375 1281 1443 Anaximenes
1319 1402 1578 1445 vanum
1616 1378 2078 1463 nihilumque,
2119 1377 2397 1442 Melisso

576 1491 1112 1577 Parmenidique
1147 1494 1376 1581 placet
1414 1501 1686 1559 tantum
1726 1516 1943 1560 unum
1981 1493 2208 1558 dicere
2248 1514 2507 1557 verum.

735 1739 1025 1799 Mensura
1054 1739 1311 1818 triplex:
1349 1760 1536 1819 supra
1579 1751 1643 1800 et
1685 1748 1825 1801 ante
1860 1758 2021 1817 rem,
2078 1738 2140 1797 in
2184 1746 2246 1799 et
2281 1758 2416 1797 cum
2473 1757 2567 1816 re,
2612 1745 2758 1816 post
2802 1747 2865 1796 et

449 1851 532 1914 10
579 1867 750 1919 extra
783 1878 931 1918 rem.
961 1857 1253 1918 Mensura
1281 1878 1469 1937 supra
1502 1877 1632 1918 rem
1672 1856 1929 1935 triplex:
1979 1878 2193 1935 unum,
2230 1876 2435 1937 mens,
2493 1857 2650 1918 idea.
2700 1857 2864 1918 Men·

576 1998 718 2050 sura
771 1978 832 2037 in
876 1997 943 2038 re
999 1977 1257 2055 triplex:
1307 1976 1693 2054 magnitude,
1751 1977 2017 2056 ponduS,
2056 1985 2446 2037 momentum.
2502 1975 2866 2054 Magnitudo

578 2097 829 2175 triplex:
865 2096 1073 2171 uniuS,
1125 2095 1380 2155 duarum
1427 2103 1490 2156 et
1543 2095 1727 2155 trium
1783 2094 2250 2156 dimensionum.
2309 2095 2563 2155 Pondus
2612 2094 2861 2172 triplex:

577 2220 750 2274 extra
782 2212 1009 2289 locum,
1046 2212 1124 2271 ad
1159 2213 1386 2291 locum,
1422 2214 1481 2272 in
1520 2215 1655 2274 loco
1699 2234 1809 2274 seu
1852 2215 2013 2275 circa
2067 2216 2285 2275 locum.
2342 2214 2718 2274 Momentum
2762 2211 2867 2271 tri-

576 2330 738 2408 plex:
781 2328 1193 2407 substantiae,
1228 2328 1572 2407 qualitatis,
1603 2338 1955 2408 respectus;
1993 2351 2104 2392 sen
2137 2330 2425 2407 absoluti,
2469 2330 2769 2407 concreti,
2800 2338 2865 2390 et

449 2438 529 2502 15
574 2446 838 2507 relativi.
871 2446 1162 2506 Mensura
1197 2454 1340 2524 post
1371 2467 1501 2506 rem
1536 2456 1633 2507 est
1667 2447 1919 2526 triplex:
1951 2448 2250 2525 efficiens,
2285 2445 2592 2524 formaliS,
2628 2447 2867 2507 instru-

579 2563 882 2623 mentalis.
943 2563 1233 2624 Efficiens
1294 2563 1550 2644 triplex:
1617 2565 1905 2644 daemon,
1971 2566 2178 2644 home,
2236 2566 2499 2625 brutum.
2556 2564 2862 2627 Formalis

578 2682 832 2763 triplex:
871 2703 1114 2763 sensus,
1153 2685 1336 2763 ratic,
1382 2686 1753 2746 intellectus,
1795 2685 2296 2747 Instrumentalis
2337 2685 2595 2763 triplex:
2649 2686 2863 2763 prima,

577 2800 805 2871 media,
836 2801 1131 2879 proxima.
1168 2801 1377 2862 Prima
1412 2802 1899 2864 instrumentalis
1931 2804 2182 2882 triplex:
2220 2803 2470 2880 digitus,
2503 2803 2734 2880 palma,
2772 2822 2867 2861 cu-

578 2919 762 2980 bitus.
800 2920 1009 2982 Media
1061 2920 1311 3000 triplex:
1372 2922 1660 2999 circinuS‚
1709 2943 1947 3000 norma,
1994 2921 2513 3001 perpendiculum.
2571 2920 2861 2980 Proxima

443 3031 530 3091 ‘20
575 3034 825 3115 triplex:
852 3046 1159 3116 punctum,
1183 3046 1370 3115 recta,
1401 3038 1680 3099 circulus.
1716 3040 1949 3098 Harum
1985 3058 2307 3098 mensurae
2331 3037 2672 3115 specierum
2703 3036 2861 3096 aliae

575 3163 716 3214 sunt
747 3155 1240 3234 metaphysicae,
1277 3156 1432 3216 aliae
1469 3157 1788 3235 physicae,
1818 3156 1976 3215 aliae
2012 3155 2497 3216 mathematicae.
2528 3154 2864 3214 Mathema-

577 3273 828 3332 ticarum
874 3273 950 3333 de
990 3274 1185 3352 prima
1235 3275 1686 3335 instrumentali
1730 3272 1992 3334 diximus
2048 3274 2109 3333 in
2165 3273 2439 3351 proxime
2493 3272 2863 3351 praeceden-

573 3389 739 3448 tibus
791 3388 994 3465 libris;
1055 3411 1437 3467 consequens
1476 3402 1573 3453 est
1608 3402 1676 3451 ut
1711 3392 1788 3452 de
1823 3391 2030 3450 media
2071 3398 2254 3465 atque
2282 3389 2583 3468 proxima,
2623 3390 2863 3449 circave

573 3505 835 3566 mediam
885 3514 1067 3584 atque
1111 3508 1473 3586 proximam,
1522 3509 1635 3568 sub
1681 3509 1849 3568 scala
1892 3517 1954 3568 et
1997 3506 2282 3585 analogia
2314 3506 2641 3566 multarum
2696 3526 2859 3567 men·

441 3617 527 3679 25
573 3642 753 3683 surae
785 3623 1092 3683 rationum
1128 3625 1628 3702 contemplemur.

733 3754 767 3801 ‘n
810 3740 1001 3800 Linea
1034 3740 1402 3801 brevissima
1455 3741 1617 3801 inter
1672 3741 1790 3800 duo
1845 3748 2071 3818 puncta
2127 3748 2309 3816 atque
2363 3747 2533 3800 recta
2585 3739 2857 3800 vicissim

574 3861 1000 3939 comprobant,
1035 3860 1263 3921 rectior
1292 3860 1439 3920 item
1476 3869 1660 3939 atque
1692 3861 1960 3922 brevior.
2015 3861 2188 3921 Inter
2232 3861 2350 3922 duo
2407 3868 2633 3940 puncta
2665 3859 2858 3919 infini-

573 3986 674 4036 tae
709 3977 960 4055 produci
994 3986 1254 4057 possunt
1278 3998 1522 4038 curvae.
1558 3978 1659 4037 Sic
1693 3999 1812 4037 una
1844 3986 2030 4054 atque
2065 3977 2325 4056 simplex
2360 3986 2424 4038 et
2457 3977 2856 4039 brevissimae

570 4094 1077 4173 apprehensionis
1114 4102 1212 4155 est
1245 4096 1503 4173 veritas,
1550 4095 1790 4157 falsitas
1823 4115 1974 4156 vero
2009 4094 2356 4175 multiplex,
2402 4095 2667 4175 prolixa,
2701 4095 2854 4155 diffi-

439 4208 527 4274 30
573 4210 734 4290 cilis,
809 4212 1046 4287 qualem
1121 4211 1523 4290 sophisticam
1572 4212 1975 4290 geometriam
2037 4231 2170 4272 cum
2225 4212 2363 4273 aliis
2424 4211 2854 4290 philosophiae

573 4332 848 4411 partibus
884 4351 1022 4392 esse
1055 4332 1354 4393 videmus.

755 4543 816 4590 24
852 4542 1045 4592 schala
