3738 5268
900 539 1018 600 328
1507 559 1784 604 mamm
1827 558 2030 604 anm
2073 559 2161 604 m:
2203 557 2474 619 ummo,
2516 556 2577 604 ν.

1775 922 2079 989 CAPVT
2147 923 2311 987 XII.
3188 950 3269 1011 p.
3302 936 3507 1000 18‘?

1836 1172 2241 1217 COMPLEXVS.

1242 1317 1467 1367 Angulum
1496 1316 1700 1368 duplico,
1729 1315 1994 1368 simplffleo,
2026 1316 2339 1367 gradatimque
2369 1328 2512 1367 augeo
2540 1320 2587 1358 et
2616 1317 2839 1358 diminuo.

1075 1517 1173 1583 Ut
1212 1517 1398 1583 basis
1434 1517 1602 1582 haec
1640 1517 1965 1601 triquetri
1999 1524 2103 1583 est
2140 1517 2423 1605 duplex,
2466 1541 2604 1604 qua
2637 1543 2708 1585 se
2742 1519 3183 1606 Ganymedes

811 1633 851 1697 5
897 1631 1211 1697 Hermeti
1250 1631 1582 1717 adnectit,
1624 1632 1951 1718 triquetri
1990 1633 2238 1699 collata
2276 1635 2558 1721 superni

896 1748 1108 1833 Huic,
1150 1771 1285 1834 qua
1324 1772 1394 1814 se
1432 1750 1794 1836 attingunt
1831 1750 2279 1836 Bacchusque
2318 1757 2386 1815 et
2423 1750 2675 1838 Apollo
2713 1752 3049 1837 vicissim,

899 1863 1014 1929 Sic
1052 1864 1260 1952 duplo
1299 1865 1386 1931 ad
1424 1873 1736 1933 centrum
1773 1866 1994 1933 maior
2029 1867 2225 1933 venit
2262 1868 2556 1953 angulus
2595 1869 2752 1953 iste,

899 1981 1116 2058 Quem
1156 1983 1340 2049 basis
1377 1983 1545 2048 haec
1584 1982 1819 2048 eadem
1859 1982 2195 2066 suffulcit,
2235 2005 2439 2067 quam
2477 1983 2609 2049 siet
2649 1984 2762 2049 ille
3157 2013 3182 2051 r,

900 2099 1036 2176 Qui
1069 2100 1266 2166 venit
1303 2123 1343 2165 a
1379 2099 1540 2185 gyri
1579 2100 1976 2184 exaequatis
2015 2099 2328 2165 cruribus
2366 2098 2533 2182 alto;

773 2221 855 2282 lO
902 2215 1100 2293 Quod
1138 2222 1478 2281 monstrat
1518 2215 1700 2280 clare
1739 2215 1932 2301 cyclo
1970 2214 2363 2300 attingente
2399 2200 2748 2281 Berastus.

900 2332 1205 2417 Indeque
1243 2330 1522 2397 difficile
1562 2354 1706 2396 esse
1743 2330 1916 2395 mihi
1957 2352 2095 2395 non
2134 2329 2468 2414 creditur,
2511 2336 2589 2394 ut
2627 2328 2719 2395 sit

898 2447 1116 2513 Linea
1156 2471 1330 2533 quae
1369 2447 1457 2512 ad
1496 2454 1810 2512 centrum
1847 2446 1931 2511 de
1969 2446 2283 2533 margine
2320 2445 2563 2511 defluit
2600 2454 2680 2512 ut
2718 2455 2870 2511 tum

900 2562 1210 2650 Simplex
1247 2571 1398 2629 tum
1434 2563 1689 2649 duplex
1728 2570 2077 2651 comperta
2116 2571 2250 2647 est,
2292 2562 2389 2627 sic
2428 2584 2698 2649 quoque
2736 2569 2921 2626 certo
3134 2591 3183 2628 ιο

899 2679 1188 2745 Punctis
1226 2679 1309 2745 de
1347 2680 1589 2746 mediis
1628 2680 1847 2767 possit
1886 2679 2283 2745 discrimine
2318 2679 2497 2744 ferre

769 2798 852 2862 15
898 2799 1194 2883 Puncta,
1237 2798 1487 2883 quibus
1525 2799 1730 2864 certis
1769 2797 2160 2864 rationibus
2199 2797 2499 2884 angulus
2537 2796 2699 2861 exit.

900 2916 1471 3003 Quantacumque
1512 2939 1674 3003 ergo
1714 2916 1984 2981 ratione
2022 2915 2338 3001 augerier
2377 2919 2586 2999 atque

898 3033 1229 3098 Imminui
1266 3033 1551 3119 poterit,
1594 3034 1652 3098 si
1690 3035 1895 3120 plane
1935 3032 2448 3119 conspicientur

898 3148 1240 3236 Simplum
1278 3148 1463 3214 infra
1502 3156 1571 3214 et
1609 3150 1899 3235 duplum
1937 3149 2228 3214 maiores
2267 3154 2475 3233 atque
2515 3147 2812 3211 minores
3130 3174 3183 3213 15

895 3267 1132 3350 Usque
1170 3266 1257 3331 ad
1295 3272 1680 3339 extremum
1717 3265 2072 3351 geminum
2086 3289 2098 3348 ;
2142 3265 2303 3350 quia
2342 3264 2682 3329 maximus
2721 3262 2871 3327 heic
2910 3270 3015 3328 est

764 3376 852 3439 20
899 3382 1222 3448 Subiecto
1261 3382 1335 3447 in
1372 3383 1609 3469 plano,
1649 3382 2114 3467 minimusque
2153 3382 2275 3447 ubi
2315 3403 2595 3466 surgere
2633 3379 2955 3467 deinceps

898 3498 1220 3563 Cernitur
1259 3497 1333 3562 in
1370 3505 1631 3563 rectam
1670 3504 2078 3584 consumpta
2118 3496 2399 3583 cuspide
2436 3517 2715 3582 puram«

898 3613 1335 3699 Quapropter
1373 3613 1602 3699 cuspis
1642 3634 1816 3698 quae
1852 3636 2028 3698 gyro
2064 3612 2305 3678 innixa
2336 3612 2644 3696 videtur,

897 3729 1149 3794 Centro
1188 3736 1427 3817 aptata
1464 3730 1634 3795 facit
1672 3729 2118 3814 triquetrum,
2163 3729 2355 3795 cuius
2392 3728 2576 3794 basis
2615 3750 2814 3793 arcus
3122 3759 3173 3793 ευ

895 3847 1185 3912 Dimidii
1224 3847 1477 3913 chorda
1511 3855 1630 3912 est.
1672 3847 1775 3911 De
1813 3853 2072 3932 puncto
2110 3845 2643 3911 intermediante

763 3964 848 4027 25
898 3962 1241 4050 Suscipiet
1281 3964 1539 4029 medias
1572 3963 1877 4030 rationes
1914 3962 2096 4027 inter
2134 3970 2530 4047 utrumque,

895 4084 992 4149 Ut
1030 4081 1234 4147 facile
1272 4082 1435 4147 hinc
1471 4082 1693 4169 possis
1731 4103 1854 4169 per
1892 4087 1961 4145 te
1998 4087 2264 4167 partem
2302 4080 2605 4167 reperire

897 4197 1292 4274 Quamlibet
1331 4205 1717 4284 expostam,
1759 4196 1938 4283 cycli
1974 4196 2343 4281 veniatque
2383 4195 2672 4279 subinde

897 4312 1155 4379 Ordine
1193 4314 1537 4401 descripta
1576 4314 1846 4378 interne
1886 4312 2264 4401 polygonia
2305 4334 2630 4397 quaeque.
3124 4327 3275 4388 251).
3299 4313 3498 4375 188

896 4427 1204 4494 Adiuvat
1241 4429 1369 4494 hoc
1407 4451 1577 4515 opus
1616 4430 2003 4515 adscriptus
2043 4427 2515 4494 concentricus
2554 4448 2731 4491 unus

767 4550 853 4614 30
898 4545 1211 4613 Circulus
1250 4552 1458 4633 atque
1496 4545 1696 4631 alius,
1737 4547 1922 4611 valet
1962 4553 2028 4611 et
2068 4551 2493 4611 monstrante
2534 4543 2845 4624 Quirino.
