3738 5268
1355 550 1444 594 DE
1483 549 1709 594 Mlmml
1746 548 2154 593 Exm'mm'ma.

1484 928 1788 996 GAPVT
1852 931 2048 995 Vm.

761 1096 961 1139 Dubium
983 1110 1071 1150 quo
1094 1099 1383 1149 Peripatetici
1407 1102 1569 1139 contra
1587 1099 1759 1150 seipsos
1781 1099 2009 1150 dubitant,
2036 1099 2281 1140 insolutum
2305 1106 2457 1140 tamen
2481 1100 2538 1140 ab
2575 1100 2765 1141 eisdem.

795 1306 938 1372 Nec
974 1304 1174 1372 video
1211 1311 1291 1372 ut
1328 1305 1692 1391 quisquam
1729 1327 1769 1370 a
1808 1326 2021 1372 nervo
2059 1327 2202 1371 sese
2238 1304 2528 1370 extricet
2565 1304 2686 1371 illo
2711 1358 2726 1388 ,

620 1421 822 1490 Unde
854 1421 988 1488 sibi
1026 1421 1260 1487 miseri
1293 1428 1570 1487 centum
1605 1426 1929 1508 portenta
1967 1421 2247 1488 suborta

533 1538 574 1602 5
619 1539 1063 1606 Infinitantes
1099 1538 1402 1605 videant.
1443 1538 1618 1603 Mihi
1649 1537 1905 1604 sufficit
1940 1561 2157 1603 unum

621 1656 984 1723 Obiectare
1019 1656 1248 1739 mod03
1290 1662 1619 1744 poterunt
1656 1678 1816 1723 mox
1852 1657 2023 1722 talia
2057 1655 2250 1721 mille

619 1772 1032 1858 Excogitare
1072 1772 1217 1856 alii,
1259 1772 1421 1859 quia
1459 1780 1565 1838 tot
1602 1793 1821 1860 prono
1860 1795 2062 1838 amne
2098 1780 2499 1859 sequuntur.

620 1886 727 1952 Do
764 1887 896 1953 tibi
935 1888 1304 1973 quantavis
1341 1888 1749 1976 productam
1787 1896 1972 1954 sorte
2004 1888 2424 1972 columnam,

622 2005 757 2072 Sed
793 2005 1013 2073 latum
1044 2004 1348 2072 eiusdem
1386 2006 1729 2072 describat
1766 2004 2064 2094 duplicis
2103 2008 2309 2075 ulnae

492 2119 577 2184 10
621 2123 959 2206 Circulus;
995 2123 1176 2188 hanc
1214 2123 1469 2189 circum
1509 2130 1813 2189 extremo
1854 2124 2169 2211 capiatur
2206 2126 2294 2190 ab
2334 2146 2472 2191 uno

619 2239 918 2307 Produci
955 2239 1031 2305 in
1068 2239 1326 2327 spiram
1360 2240 1447 2306 ad.
1481 2240 1671 2307 aliud
1711 2247 1869 2328 post
1907 2240 2183 2327 singula
2220 2249 2482 2329 puncta

618 2358 865 2442 Linea,
905 2357 1238 2444 porrectis
1277 2357 1507 2423 annis:
1548 2357 1686 2423 iam
1724 2380 1956 2424 nonne
1994 2367 2349 2445 sequetur,

623 2473 850 2550 Quum
887 2495 1110 2559 neque
1147 2473 1240 2538 sit
1270 2494 1555 2539 numero
1586 2474 1745 2539 finis
1782 2474 2248 2561 praescriptus
2284 2495 2523 2542 eorum

625 2589 762 2668 Qui
794 2589 868 2656 in
900 2597 1163 2657 rectum
1200 2590 1498 2658 tendunt
1534 2598 1977 2679 punctorum,
2010 2614 2138 2659 nec
2174 2614 2459 2660 numero
2498 2616 2642 2661 esse

493 2710 575 2775 15
622 2707 966 2775 Ulnarum
1004 2729 1446 2793 quemquam,
1485 2708 1750 2773 mediae
1788 2730 1964 2794 quae
2002 2709 2569 2777 interficiuntur?

620 2822 778 2889 Non
816 2823 1035 2910 igitur
1072 2846 1378 2889 mensam
1416 2823 1787 2889 testabitur
1824 2823 1965 2890 ulla
1995 2832 2301 2912 potestas

622 2941 962 3028 Spiralem
998 2940 1303 3025 ductam,
1346 2942 1621 3027 quando
1653 2942 1916 3009 virtute
1953 2944 2279 3010 subactae

619 3056 877 3122 Rectae
909 3057 1186 3123 infinita
1224 3065 1345 3124 est.
1386 3058 1568 3136 Quid
1599 3058 1790 3124 tum?
1829 3059 2033 3125 Nunc
2072 3060 2350 3126 cardine
2387 3061 2555 3127 bino

625 3172 1029 3261 Supposito,
1070 3174 1381 3259 sequitur
1417 3173 1624 3240 finem
1663 3175 1875 3240 istum
1913 3182 1991 3240 ut
2023 3176 2206 3241 inter
2244 3183 2313 3241 et
2351 3176 2551 3242 illum

488 3289 578 3353 20
622 3289 838 3356 Linea
876 3289 969 3355 sit
1006 3290 1316 3356 medians
1349 3311 1488 3355 non
1521 3290 1662 3356 ullo
1702 3290 2018 3377 praedita
2055 3290 2210 3356 fine.

1195 3532 1294 3571 Duo
1332 3531 1738 3581 Peripateticorum
1770 3536 2040 3581 argumenta
2069 3532 2332 3574 fortisslma.

626 3715 760 3781 Sed
796 3736 1008 3802 perge
1043 3714 1320 3779 illorum
1358 3713 1650 3801 aspicito
1689 3714 1857 3800 quid
1888 3725 2191 3803 praestet
2228 3715 2563 3798 Achilles,

622 3832 1225 3919 Argumentantur
1262 3831 1533 3919 pugiles
1571 3830 1743 3898 duce
1780 3834 1908 3898 sub
1942 3832 2305 3919 Stagirita,

624 3946 915 4024 Quando
951 3947 1081 4012 hoc
1118 3946 1494 4013 absurdum
1531 3947 1787 4012 nostris
1820 3947 1904 4012 de
1941 3947 2254 4013 sensibus
2289 3970 2434 4013 esse

489 4063 576 4127 25
624 4062 1071 4128 Contendunt
1109 4071 1367 4149 ortum,
1405 4070 1486 4129 ut
1525 4063 1735 4150 duplo
1771 4064 2074 4130 velocius
2107 4071 2317 4149 atque

621 4179 1079 4268 Progrediens
1117 4180 1462 4266 reliquum
1499 4188 1912 4268 percurrant
1943 4187 2250 4267 tempore
2287 4180 2363 4245 in
2401 4203 2539 4246 uno

622 4293 932 4380 Aequale
970 4295 1314 4362 obiectum
1353 4297 1683 4384 spatium,
1721 4296 1968 4363 horum
2008 4296 2463 4362 continuante

2779 535 2894 594 163

2880 1800 2906 1840 ⁵
2952 1788 3202 1867 p.32

2861 2390 2911 2427 10

2861 2973 2911 3012 15

630 4460 689 4468 ν
778 4460 859 4465 Ὴ-Ϋ
902 4460 987 4463 *jn*
1034 4462 1055 4463 ἶ
1094 4462 1161 4465 ,,,
1318 4462 1371 4465 -,
1404 4462 1509 4466 Ᾱύ-,ᾃῗ
1718 4464 1725 4465 7
1832 4464 1845 4467 -
1959 4462 2038 4467 „7⁴4
2071 4462 2886 4471 ὶ--ῲ-ῌ-,ήῌῶψψ

807 4548 871 4599 23
903 4550 1199 4614 Stagyrita
