3738 5268
1347 528 1437 571 m:
1477 526 1884 572 mvsu'riouss
1925 525 2168 571 mmm.
2771 509 2890 569 263

602 682 783 742 datur
815 683 877 742 in
911 690 1040 743 tres
1076 690 1313 761 parteS,
1352 689 1415 743 et
1451 680 1620 742 cuius
1654 681 1901 759 planum
1933 681 2243 740 bisecetur
2280 687 2446 740 recta
2481 678 2608 756 GE,
2649 687 2712 739 et
2744 686 2891 738 tunc

600 799 679 857 ab
715 800 891 858 unius
927 799 1122 877 partis
1158 798 1415 859 termino
1451 798 1485 856 Ι
1527 796 1983 857 circumfluente
2040 796 2338 855 habeatur
2386 814 2565 855 arcus
2617 795 2748 871 IK,
2787 794 2888 869 qui

602 914 830 974 certius
867 913 1180 975 mediatim
1211 922 1492 994 sumptus
1527 914 1589 973 in
1618 913 1898 992 partibus
1942 913 2035 973 IG
2081 890 2206 972 G'K
2241 911 2478 971 duabus
2506 909 2745 971 vicibus
2778 928 2893 986 per

599 1037 934 1091 extremam
967 1031 1380 1111 peripheriam
1416 1031 1636 1091 ductus
1672 1030 1925 1091 definiet
1964 1050 2144 1089 unam
2188 1035 2443 1107 partem.
2483 1026 2769 1087 Securius
2802 1024 2891 1085 nil

512 1145 553 1208 5
599 1147 798 1207 minus
832 1149 1169 1225 operabere
1201 1168 1312 1227 per
1347 1146 1720 1225 triangulum
1755 1146 2176 1223 aequicrurum
2225 1144 2401 1205 GHF
2436 1142 2653 1204 eodem
2707 1149 2888 1221 pacto

600 1269 996 1335 contrectato.

759 1376 791 1423 ἹῙ
839 1383 930 1439 19.
972 1380 1112 1439 Hoc
1145 1399 1382 1457 quoque
1417 1388 1624 1458 pacto,
1663 1379 1809 1439 data
1836 1378 2073 1438 ratione
2102 1375 2300 1438 diviso
2347 1375 2559 1437 circuli
2600 1381 2884 1435 sextante

599 1494 783 1570 ABG,
815 1503 994 1573 potes
1018 1495 1164 1556 data
1185 1494 1421 1556 ratione
1443 1496 1749 1571 integrum
1785 1493 2076 1555 divisisse
2100 1492 2407 1570 circulum,
2433 1500 2498 1552 et
2520 1510 2885 1567 consequen-

597 1616 696 1669 ter
723 1629 1137 1689 quamcunque
1168 1613 1561 1692 polygoniam
1581 1612 1945 1672 delineasse.
1978 1608 2355 1687 Principium
2383 1609 2742 1688 proximum,
2766 1627 2883 1685 quo

469 1726 554 1789 lO
598 1730 749 1789 haec
785 1732 1059 1811 operatio
1096 1730 1582 1808 demonstratur,
1613 1737 1710 1791 est
1744 1728 2020 1808 proxime
2052 1749 2238 1808 supra
2272 1728 2522 1789 dictum.

1487 2132 1791 2200 CAPVT
1863 2134 1993 2199 XI.

1166 2366 1338 2406 Datum
1366 2376 1519 2406 arcum
1548 2369 1721 2416 quanta
1748 2366 1806 2405 nit
1835 2366 1993 2406 circuli
2022 2377 2128 2417 pars
2156 2366 2322 2407 iudico.

779 2659 950 2725 Inde
988 2659 1144 2724 vide
1184 2658 1259 2723 in
1295 2659 1504 2746 plano
1544 2665 1623 2723 ut
1660 2658 1899 2723 veniat
1938 2680 2210 2744 quoque
2248 2660 2546 2726 circulus
2585 2663 2776 2728 omni

599 2779 707 2843 Ex
742 2785 941 2865 parte
978 2777 1359 2864 inspicuus‚
1402 2775 1671 2861 quoties
1710 2776 1892 2842 ratio
1932 2783 2035 2842 est
2073 2777 2235 2843 data
2273 2778 2434 2863 toti,

469 2899 552 2964 15
598 2894 744 2958 Aut
783 2893 1050 2979 quoties
1087 2916 1209 2980 per
1248 2916 1319 2958 se
1357 2915 1439 2956 ex
1478 2892 1776 2957 internis
1815 2892 2073 2979 absque
2112 2893 2336 2959 solute
2376 2903 2447 2959 et

601 3008 1024 3095 Simpliciter
1061 3010 1271 3074 moles
1309 3007 1542 3073 veniet
1581 3010 1983 3095 spectanda,
2020 3032 2281 3095 suoque

599 3125 951 3191 Momento
989 3132 1198 3209 atque
1237 3124 1377 3190 suis
1415 3131 1767 3212 composta
1806 3132 1909 3190 est
1946 3125 2263 3212 partibus
2302 3127 2470 3214 ipsa.
2858 3160 2883 3197 5

599 3243 718 3306 Fit
755 3241 979 3328 primo
1019 3242 1290 3327 cyclum
1331 3241 1605 3327 signata
1644 3251 1840 3328 parte
1881 3264 2000 3328 per
2039 3243 2267 3329 ipsum

599 3358 939 3441 Deducta,
978 3357 1185 3423 toties
1225 3357 1451 3441 quoad
1489 3357 1631 3421 sint
1669 3357 1965 3442 vestigia
2003 3357 2228 3444 prima

465 3478 554 3540 20
600 3474 973 3558 Progressu
1012 3473 1383 3559 repetenda
1422 3494 1622 3538 novo.
1661 3472 1856 3537 Tunc
1896 3473 2124 3539 sistito
2163 3475 2237 3538 in
2277 3474 2426 3562 ipso

596 3590 895 3674 Limine,
937 3590 1019 3655 de
1059 3590 1252 3656 cuius
1291 3589 1516 3676 coepit
1554 3597 1812 3676 puncto
1852 3588 1953 3654 ire
1991 3613 2114 3676 per
2152 3591 2389 3656 orbem

598 3708 912 3774 Circinus
950 3706 1234 3773 alternis
1272 3707 1624 3771 revolutus
1662 3706 2006 3792 passibus;
2046 3707 2294 3793 hicque
2831 3739 2877 3777 10

598 3824 998 3909 Conspicias
1035 3824 1337 3910 primmn
1378 3823 1644 3908 quoties
1683 3824 2041 3908 gyraveris,
2079 3824 2223 3910 ille,

600 3940 918 4025 Quotque
957 3939 1031 4004 in
1071 3945 1176 4004 tot
1211 3939 1406 4024 gyris
1447 3940 1806 4026 complerit
1845 3940 2143 4026 denique
2180 3965 2447 4028 passus3

466 4055 552 4120 25
598 4057 781 4122 Dein
816 4060 1094 4143 passum
1132 4079 1457 4122 numerus
1497 4057 1847 4142 cyclorum
1887 4057 2347 4123 distribuatur

598 4173 857 4238 Exacte
893 4195 1205 4253 numero,
1245 4181 1324 4236 ut
1363 4195 1569 4257 quam
1608 4179 1875 4258 partem
1909 4173 2168 4260 singuli
2206 4197 2441 4240 eorum

599 4288 1011 4374 Concipiant
1048 4288 1227 4371 viso,
1269 4287 1445 4352 nihil
1482 4289 1667 4353 ultra
1706 4289 2092 4354 sollicitere.
2828 4321 2877 4360 ιε

597 4403 778 4468 Nam
813 4404 1004 4469 velut
1041 4403 1114 4467 in
1155 4409 1449 4489 quatuor
1488 4405 1699 4490 cyclis
1737 4428 1875 4470 una
1914 4412 2018 4470 est
2056 4406 2388 4473 duodenis

601 4519 772 4585 Pars
811 4518 1080 4586 vicibus
1121 4542 1548 4608 comprensa,
1587 4521 1777 4585 velut
1815 4544 1975 4609 pars
2014 4529 2167 4588 acta
2206 4523 2489 4592 tricenis
