3738 5268
878 488 996 550 334
1471 507 1749 554 mmmm
1791 508 1995 553 Bavm
2036 509 2126 554 m:
2167 508 2440 573 mmmm,
2490 509 2551 557 v,

1773 892 2077 959 OAPVT
2147 894 2266 959 IV.

1895 1137 2153 1181 AVCTIO.

1369 1291 1426 1330 1⁴32
1454 1291 1668 1340 trianguli
1697 1290 1990 1330 conformiter
2019 1292 2216 1342 augendi
2243 1293 2364 1332 viam
2394 1294 2550 1342 aperio
2579 1298 2665 1333 etc.

1050 1532 1272 1597 Maior
1309 1531 1400 1596 sit
1441 1530 1809 1618 quatruplo
1848 1531 1908 1596 si
1946 1539 2258 1597 centrum
2296 1532 2480 1598 facta
2519 1534 2746 1599 Diana

785 1650 827 1713 5
874 1650 960 1714 In
997 1657 1256 1735 puncto
1297 1648 1563 1714 Chariti
1602 1649 1947 1735 opposite,
1990 1649 2383 1734 circumque
2421 1649 2680 1714 fluente

874 1765 986 1830 Ad
1023 1765 1371 1831 Bacchum
1409 1765 1601 1830 radio
1641 1765 1872 1851 capiat
1910 1765 2044 1831 duo
2081 1773 2341 1853 puncta
2377 1767 2627 1850 quibus
2666 1767 2757 1832 sit
3160 1795 3242 1856 p,
3284 1781 3482 1844 193

873 1883 1227 1948 Dimetrus
1266 1883 1663 1947 Hermetem
1702 1881 1891 1966 hinc,
1930 1881 2125 1947 illinc
2164 1890 2458 1968 tangens
2496 1882 3002 1968 Ganymedem3

875 2000 1179 2077 Quorum
1217 1999 1332 2064 hic
1370 2022 1410 2064 a
1447 1998 1719 2063 Baccho
1756 1999 2054 2083 radium,
2098 1999 2214 2063 ille
2246 1999 2333 2063 ab
2372 1998 2720 2085 Apollinis
2760 1999 2898 2064 oris
3136 2027 3160 2065 5

872 2114 1332 2179 Transmittat
1371 2114 1683 2201 duplum,
1725 2114 2050 2199 triquetri
2087 2113 2268 2180 latus
2308 2115 2605 2200 indeque
2644 2115 2784 2180 fiat.

741 2231 827 2294 10
871 2231 1185 2318 Namque
1224 2233 1324 2297 ita
1364 2232 1690 2298 continue
1730 2239 2119 2298 concrescet
2156 2233 2473 2319 partibus
2510 2232 2748 2317 aequis

871 2346 954 2411 In
994 2349 1442 2435 quatruplum
1481 2349 1798 2434 simplex3
1838 2371 2043 2435 porro
2084 2348 2303 2433 magis
2343 2347 2573 2413 omnia
2614 2349 2846 2434 palam

871 2462 1109 2526 Mensa
1147 2462 1344 2527 dabit
1382 2463 1740 2529 Charitum
1780 2463 1970 2528 facili
2009 2463 2423 2547 melioreque
2462 2462 2702 2528 forma.

871 2577 1144 2665 Insigni
1183 2578 1494 2645 ostendet
1532 2579 1852 2648 methodo
1895 2602 2066 2666 quae
2106 2585 2355 2646 cuncta
2397 2580 2735 2666 Solymus.
3110 2611 3158 2649 ιο

1029 2798 1122 2857 Ea
1163 2816 1281 2872 qua
1313 2796 1655 2874 triangulus
1690 2797 2108 2872 aequilaterus
2139 2796 2297 2855 serie
2340 2795 2709 2872 adaugetur,
2748 2802 2811 2855 et
2845 2795 3156 2871 quaelibet

740 2919 823 2983 15
871 2915 1225 2996 (adservata
1267 2916 1444 2975 unius
1488 2915 1692 2992 anguli
1724 2924 1786 2975 et
1817 2916 2069 2974 duorum
2119 2915 2379 2973 laterum
2413 2912 2674 2992 ratione)
2707 2912 2827 2972 alia
2863 2913 3152 2990 trianguli

868 3038 1107 3116 species
1140 3053 1452 3096 numerum
1489 3034 1689 3113 capiet
1723 3042 1785 3095 et
1818 3035 2277 3095 incrementum.

1789 3410 2095 3479 CAPVT
2162 3411 2243 3475 V.

1850 3650 2180 3694 DIRECTIO.

1041 3794 1099 3833 Et
1130 3794 1401 3844 triangulum
1431 3793 1748 3844 cuiuscumque
1778 3795 1958 3843 generis
1986 3795 2056 3835 vol
2085 3806 2222 3844 super
2251 3798 2402 3835 terrae
2432 3795 2655 3836 diametro
2684 3795 2873 3845 designo
2903 3800 2989 3835 etc.

736 4038 824 4102 20
1047 4039 1218 4104 Axis
1255 4038 1522 4105 telluris
1562 4038 1792 4120 datur,
1831 4044 1911 4103 ut
1949 4039 2031 4103 do
2073 4037 2347 4104 cardine
2386 4038 2553 4104 bino

868 4154 979 4218 Ad
1019 4154 1278 4219 caelum
1318 4154 1600 4241 spiculis
1640 4153 2060 4219 transmissis
2099 4154 2561 4219 constituatur

867 4269 1266 4355 Aequorum
1303 4271 1595 4335 latorum
1636 4271 2054 4355 triquetrum
2092 4271 2202 4335 vel
2242 4271 2597 4355 quodlibet
2634 4294 2877 4354 unum,

1053 4524 1085 4569 b·
1118 4519 1208 4571 hic

663 5076 702 5129 Ἢ.
