3738 5268
877 513 999 569 210
1476 523 1754 571 manna
1795 523 1999 567 savin
2040 524 2131 568 m:
2171 524 2444 584 nusum,
2488 525 2558 567 11.

875 690 1052 740 zonte
1087 698 1196 740 seu
1233 678 1734 757 semisphaericO,
1774 678 1933 738 unde
1960 678 2159 739 cultus
2183 688 2574 757 attactusque
2609 680 2883 758 magicos
2908 681 3039 742 fieri
3081 683 3163 741 in·

875 800 1170 875 venimu3‚
1195 800 1296 877 qui
1322 798 1400 859 ad
1424 800 1668 875 longius
1690 799 1999 873 absenteS,
2029 799 2213 857 etiam
2236 796 2582 875 defunctos,
2610 808 2671 858 et
2694 820 2731 859 a
2754 810 3038 861 recenter
3063 800 3164 861 de-

875 924 1121 1001 functiS,
1156 943 1412 1002 quorum
1445 923 1686 983 scilicet
1713 943 1834 983 non
1865 923 2093 983 fuerint
2122 924 2461 985 incinerata
2489 926 2808 1002 cadavera,
2834 926 3163 987 demanant

877 1041 1391 1121 (quandoquidem
1443 1041 1647 1100 anima
1688 1040 1912 1116 ubique
1953 1061 2124 1100 suam
2166 1042 2442 1120 corporis
2482 1044 2765 1118 agnoscit
2806 1044 3157 1120 materiam,

787 1155 829 1216 Q!

874 1157 1038 1231 quod
1069 1158 1456 1235 apertissime
1490 1158 1553 1216 in
1587 1158 1745 1218 libro
1790 1159 1894 1217 De
1940 1158 2250 1236 physica
2305 1158 2541 1236 magia
2584 1159 2992 1238 aperiemus);
3032 1170 3162 1220 tum

873 1284 1012 1335 actu
1035 1275 1297 1352 quodam
1323 1276 1519 1352 magis
1549 1277 1797 1354 proprio
1828 1297 1947 1352 quo
1983 1277 2244 1336 vivimus
2272 1276 2334 1335 in
2364 1277 2478 1336 hoc
2503 1279 2855 1355 organizato
2885 1299 3160 1357 corpore,

876 1393 955 1451 ad
989 1413 1101 1453 nos
1136 1393 1305 1471 ipsos
1338 1392 1504 1452 illius
1542 1393 1820 1468 quamvis
1848 1394 2065 1453 avulsa
2099 1404 2274 1473 parte
2298 1396 2641 1473 pertinente
2674 1406 2740 1456 et
2772 1398 2886 1456 sub
2914 1404 3163 1457 nostrae

873 1515 1111 1573 animae
1148 1512 1558 1573 moderamine
1595 1513 1956 1590 constituta,
1997 1515 2155 1573 sient
2189 1524 2286 1574 est
2318 1513 2709 1575 manifestum
2742 1537 2815 1575 ex
2848 1515 2966 1575 hoc
2998 1516 3162 1592 quod

875 1633 952 1694 de
1005 1631 1558 1710 superfluitatibus,
1596 1632 2030 1707 excrementis,
2089 1633 2393 1709 unguibus
2443 1642 2626 1711 atque
2688 1633 2933 1713 capillis
2976 1636 3164 1695 scele-

750 1751 833 1814 10
874 1749 1000 1811 rosi
1036 1748 1295 1809 malefici
1332 1747 1612 1808 decretas
1641 1748 1886 1825 corpori
1917 1746 2190 1808 inferunt
2209 1756 2273 1809 et
2294 1749 2494 1809 animo
2529 1750 2864 1828 laesiones,
2902 1752 3161 1812 maxime

879 1886 1023 1927 vero
1062 1884 1136 1925 ex
1169 1866 1285 1925 hoc
1319 1863 1481 1941 quod
1511 1862 1799 1923 defuncto
1836 1883 1907 1924 eo
1946 1864 2116 1926 cuius
2151 1873 2285 1923 erat
2312 1884 2473 1937 caro,
2511 1887 2697 1926 nasus
2733 1867 2835 1942 qni
2872 1867 3052 1927 alteri
3086 1868 3164 1929 de

876 1982 986 2043 tali
1032 2001 1215 2041 carne
1259 1979 1464 2040 fuerat
1506 1978 1866 2040 efformatus
1902 1980 2365 2059 computrescit;
2410 1990 2537 2041 tum
2580 1983 2822 2042 demum
2879 1992 3021 2042 actu
3054 1984 3203 2044 illo'

881 2097 1304 2179 propriissimo
1359 2098 1533 2157 iuxta
1590 2117 1723 2157 eam
1778 2098 2189 2158 conditionem
2234 2119 2352 2175 qua
2395 2101 2471 2158 ab
2515 2120 2742 2160 oceano
2779 2101 3162 2162 substantiae

879 2215 1218 2295 spiritualis
1252 2235 1363 2294 per
1397 2214 1600 2275 cordis
1634 2222 1902 2293 portam,
1941 2224 2001 2274 et
2035 2215 2113 2274 ad
2157 2216 2416 2276 eundem
2451 2237 2741 2278 oceanum
2762 2238 2874 2295 per
2909 2219 3163 2278 eandem

753 2338 833 2399 15
882 2344 1124 2411 portam
1165 2332 1541 2410 ingredimur
1584 2342 1646 2393 et
1707 2332 2056 2410 egredimur
2103 2332 2305 2392 animi.
2354 2334 2467 2393 Est
2512 2333 2736 2394 deinde
2781 2355 2968 2413 super
3007 2336 3165 2395 hanc

879 2449 1301 2511 substantialis
1331 2458 1547 2509 natura
1578 2448 1896 2509 individua
1931 2450 2149 2526 anima,
2184 2470 2338 2526 quae
2373 2451 2553 2510 estin
2576 2450 2894 2511 horizonte
2928 2452 3162 2529 maiori,

879 2576 946 2626 ut
980 2567 1180 2626 anima
1212 2566 1452 2624 telluris
1496 2565 1554 2623 in
1601 2565 1837 2644 synodo
1895 2586 2140 2644 magna,
2200 2586 2354 2644 quae
2409 2567 2585 2626 nobis
2638 2567 2907 2626 secunda
2956 2567 3163 2627 mundi

878 2683 1119 2762 species
1152 2682 1442 2756 habetur;
1481 2683 1761 2760 superior
1784 2691 1880 2741 est
1905 2682 2103 2742 anima
2133 2683 2354 2761 synodi
2390 2684 2596 2760 totiu8‚
2635 2703 2789 2760 quae
2825 2693 2922 2744 est
2951 2684 3013 2744 in
3040 2685 3167 2744 uni·

881 2825 1087 2882 verso;
1123 2824 1409 2884 suprema
1442 2813 1540 2865 est
1574 2805 1811 2866 animus
1852 2805 2190 2864 animorum
2233 2805 2429 2883 Beue,
2476 2806 2731 2884 spiritns
2772 2827 2929 2867 unus
2966 2807 3166 2867 omnia

747 2925 836 2988 20
879 2924 1127 3003 replens
1181 2931 1375 3001 totus,
1436 2922 1749 2982 ordinator
1804 2942 1994 3001 supra
2045 2932 2108 2983 et
2150 2932 2324 2983 extra
2381 2943 2620 2984 omnem
2671 2924 2978 3000 ordinem,
3022 2923 3162 2984 ideo

880 3062 1067 3121 super
1109 3041 1311 3101 omnia
1362 3040 1847 3116 magnificandus
1907 3040 2157 3102 deorum
2222 3043 2476 3103 vocibus
2532 3049 2596 3103 et
2652 3043 2965 3118 encomiiS‚
3009 3042 3164 3101 nulli

880 3159 1151 3233 deorum,
1187 3158 1542 3218 mundorum
1580 3159 1994 3219 animorumve
2036 3160 2443 3239 nominabiliS‚
2481 3161 2763 3235 effabilis,
2801 3160 3169 3240 comprensi-

883 3275 1049 3352 bilis,
1116 3296 1152 3334 a
1209 3276 1459 3354 propria
1519 3283 1753 3335 tantum
1821 3276 1998 3335 unica
2051 3278 2625 3356 simplicissimaque
2680 3278 2981 3339 infinitate
3044 3299 3165 3339 non

884 3393 1370 3473 comprensibilis
1407 3393 1676 3472 inquam,
1714 3394 1824 3453 sed
1862 3397 2297 3472 exaequabilis.

750 3511 835 3572 25
1042 3511 1074 3556 Ἥ
1116 3510 1434 3571 Privative
1493 3519 1697 3570 autem
1754 3519 1961 3572 atoma
2014 3521 2232 3572 natura
2279 3516 2485 3592 (quam
2520 3533 2638 3572 non
2676 3514 2983 3592 privative
3028 3515 3164 3575 dico

883 3629 1054 3705 quasi
1109 3635 1309 3688 actum
1363 3628 1685 3687 divisionis
1736 3629 2012 3705 recipere
2063 3637 2402 3707 potentem,
2449 3651 2582 3690 cum
2638 3631 2721 3689 sit
2775 3641 3005 3710 atoma,
3054 3631 3189 3693 sed·

884 3754 1184 3821 tamquam
1212 3743 1341 3803 eius
1370 3742 1732 3822 principium
1762 3753 1943 3819 atque
1975 3745 2380 3805 substantiam
2410 3746 2864 3824 magnitudinis,
2893 3768 3025 3808 cum
3048 3769 3168 3825 qua

882 3871 981 3920 est
1016 3860 1288 3921 eiusdem
1327 3860 1574 3935 generis
1602 3859 1953 3936 reductive,
1991 3869 2053 3922 et
2087 3862 2486 3940 distinguitur
2521 3864 2597 3923 ab
2634 3874 2838 3924 atomo
2873 3866 3167 3942 negative

885 3978 1072 4054 dicto,
1121 3978 1280 4054 quod
1325 3998 1520 4055 neque
1575 3979 1909 4040 secundum
1962 4000 2180 4057 genus,
2239 4000 2432 4057 neque
2483 3983 2820 4043 secundum
2866 3984 3162 4061 speciem,

753 4096 840 4158 30
884 4114 1076 4170 neque
1101 4114 1210 4171 per
1233 4115 1317 4171 se,
1349 4114 1543 4171 neque
1574 4116 1684 4174 per
1717 4095 2001 4157 accidens
2037 4105 2133 4157 est
2155 4096 2492 4173 dividuum;
2532 4119 2650 4157 non
2688 4100 2846 4158 enim
2871 4098 3166 4159 dividitur

884 4210 1042 4288 ipsa,
1081 4210 1190 4268 sed
1226 4210 1285 4270 in
1318 4210 1514 4289 ipsam
1550 4221 1854 4288 tamquam
1889 4212 2158 4272 continui
2195 4213 2449 4292 primam
2494 4223 2676 4290 atque
2726 4215 3162 4293 homogeneam

889 4332 1123 4405 partem
1167 4329 1236 4385 fit
1279 4326 1530 4404 divisio)
1582 4338 1677 4387 est
1725 4328 1977 4406 duplex,
2026 4338 2088 4388 et
2141 4329 2378 4390 scilicet
2430 4331 2627 4409 primo
2665 4330 2916 4393 discreti
2970 4334 3165 4411 prima

1071 4543 1132 4591 13
1164 4542 1253 4612 ab]
1288 4545 1359 4594 ob
