3738 5268
847 489 964 557 316
1457 510 1733 555 mamm
1775 506 1978 553 imvm
2024 505 2112 552 m:
2152 506 2422 567 ΜΙΝΙΜΟ,
2468 505 2528 550 v,

1005 689 1038 736 51
1079 680 1175 737 40.
1211 677 1285 735 In
1321 676 1545 736 circino
1582 676 1710 753 (qui
1755 657 2060 753 expansus
2101 679 2333 731 rectam
2376 668 2591 730 definit
2642 668 2898 746 certam)
2953 673 3126 726 recta

846 797 1155 858 examinat
1187 796 1504 873 circulum,
1542 794 1781 871 quando
1817 811 1937 851 uno
1983 799 2254 851 extremo
2303 795 2507 848 stante
2563 786 2758 846 altero
2806 792 3128 859 movetur,

848 921 910 972 et
945 912 1206 972 circulus
1241 912 1548 972 examinat
1587 917 1836 987 rectam,
1873 917 1942 968 ut
1976 909 2037 967 in
2076 906 2419 985 proposito,
2459 903 2570 964 sed
2598 923 2718 961 non
2764 902 2894 963 sine
2937 907 3130 961 recta.

845 1029 1106 1088 Rectum
1141 1029 1346 1105 itaque
1377 1027 1471 1087 sui
1502 1034 1599 1088 est
1632 1026 1817 1086 index
1854 1033 1917 1085 et
1946 1023 2202 1102 obliqui,
2236 1021 2463 1098 obliqui
2495 1040 2641 1080 vero
2666 1019 2821 1079 recti
2849 1038 2969 1076 non
3000 1017 3134 1076 sine

758 1144 798 1205 5
845 1153 1014 1204 recto
1060 1145 1243 1204 index
1278 1144 1523 1203 ABCD.

1318 1661 1702 1738 SECTIO
1748 1599 1883 1734 ἸΙ.
1961 1662 2110 1733 DE
2187 1657 2651 1737 ANGVLO.
3129 1679 3210 1740 p.
3250 1663 3456 1727 1‘76

1917 1863 2071 1875 ——-

1778 2115 2082 2179 GAPVT
2150 2115 2202 2178 I.

1763 2299 2011 2340 Distinctio
2042 2300 2216 2350 anguli.

1024 2515 1131 2579 Ex
1168 2513 1460 2579 monade
1498 2520 1566 2577 et
1603 2512 1803 2578 diade
1840 2519 1920 2577 ut
1956 2513 2079 2576 fiat
2116 2513 2285 2577 trias
2325 2520 2502 2597 orta,
2543 2514 2737 2601 prius
2776 2516 2857 2579 fit

718 2636 801 2698 10
847 2633 1166 2718 Angulus
1206 2631 1279 2697 in
1317 2630 1579 2717 triplici
1611 2629 1895 2694 veniens
1935 2627 2332 2695 discrimine
2370 2631 2598 2716 fictus,

844 2750 1090 2831 Recto,
1131 2748 1377 2814 maiori
1409 2753 1596 2812 recto
1636 2752 1959 2830 rectoque
1998 2746 2283 2812 minore.

844 2864 1069 2929 Hasce
1109 2864 1370 2929 omneis
1410 2864 1603 2927 iuxta
1643 2862 1902 2948 species
1942 2862 2400 2947 distinguitur
2430 2864 2613 2932 ultro

848 2977 1225 3043 Commune
1264 2979 1338 3043 in
1379 2986 1673 3063 quatuor
1711 2978 2011 3065 sapienti
2049 2978 2466 3064 significata,
3100 3006 3126 3045 5

847 3095 933 3159 In
970 3094 1178 3181 plano
1218 3096 1462 3161 saltem
1501 3095 1866 3181 (siquidem
1905 3095 1979 3160 in
2019 3094 2236 3160 solido
2275 3097 2569 3181 angulus
2608 3104 2711 3162 est
2754 3104 2825 3161 et

720 3212 801 3274 15
851 3211 985 3289 Qui
1025 3212 1181 3276 coni
1218 3211 1465 3277 faciem
1502 3219 1761 3298 puncto
1802 3211 2046 3276 definit
2083 3211 2158 3277 in
2194 3235 2358 3296 unO,
2402 3220 2470 3279 et

848 3330 933 3393 In
973 3351 1177 3413 quem
1216 3334 1637 3394 concurrunt
1676 3351 1830 3393 cum
1868 3329 2075 3394 rectis
2107 3329 2333 3415 pluria
2367 3330 2606 3416 plana,

849 3445 1024 3510 Heio
1061 3445 1183 3511 ubi
1221 3454 1361 3511 tres
1401 3447 1643 3511 saltem
1679 3451 1999 3511 tenuatus
2039 3446 2367 3511 terminat
2403 3446 2712 3530 hedras);

848 3563 993 3628 Aut
1031 3563 1286 3629 etenim
1323 3570 1426 3627 est
1463 3572 1791 3650 punctim,
1835 3563 1955 3647 qui
1992 3569 2266 3628 tantum
2304 3565 2639 3630 terminus
2678 3573 2747 3630 et
2784 3589 2926 3632 non
3072 3597 3123 3633 ιο

847 3679 1017 3743 Pars
1057 3678 1198 3743 ulla
1237 3685 1366 3761 est3
1407 3684 1528 3743 aut
1573 3702 1734 3765 pars
1772 3679 2061 3744 minima
2109 3686 2236 3764 est,
2277 3686 2716 3767 extremaque
2754 3689 3036 3747 nectens

718 3798 805 3859 220
848 3795 1047 3860 Illius
1086 3801 1293 3879 atque
1328 3794 1534 3860 huius
1567 3801 1791 3861 rectae
1831 3818 2191 3880 curvaeve,
2233 3796 2345 3861 vel
2382 3819 2521 3862 una

853 3911 1156 3989 Quarum
1193 3911 1362 3977 haec
1397 3918 1585 3976 recta
1625 3911 1901 3996 quidem
1941 3919 2070 3995 est,
2111 3912 2374 3978 adnexa
2411 3913 2531 3978 illa
2570 3912 2786 3979 altera
2826 3938 3061 3997 ourva3

848 4027 993 4093 Aut
1031 4027 1319 4092 minima
1360 4035 1463 4092 est
1499 4026 1854 4112 geminum
1892 4036 2306 4115 punctorum
2346 4030 2721 4113 abstantia,
2762 4031 2881 4116 qui
2919 4038 3083 4097 sunt

847 4146 1177 4210 Extremo
1219 4143 1456 4208 affines
1496 4145 1686 4209 nullo
1726 4143 2093 4210 mediante.
2132 4145 2274 4209 Nec
2311 4145 2516 4211 huius
3082 4174 3134 4215 15

849 4263 1008 4329 Una
1045 4268 1150 4326 est
1187 4283 1535 4345 mensura,
1576 4266 1650 4325 at
1688 4261 2003 4347 obtusm,
2044 4267 2297 4345 rectus,
2339 4268 2581 4327 acutus

1037 4525 1092 4572 17
1128 4520 1368 4568 haedi-as
