3738 5268
1116 509 1425 555 An'ncvm
1470 509 1808 554 ADVERSVS
1848 509 2387 556 MATHEMATlcOS.
2814 498 2888 558 17

601 684 898 773 primam
955 692 1257 751 mentem
1312 684 1535 772 ipsam
1614 684 1966 771 intelligas
2034 692 2243 771 atque
2326 686 2515 751 dicas
2582 693 2883 773 oportet3

601 811 824 879 omnis
879 812 1065 879 enim
1132 833 1453 878 mensura
1510 834 1550 878 a
1612 819 1842 877 mente
1897 812 2146 899 recipit
2226 811 2881 880 denominationem.

599 939 913 1007 Secundo
972 938 1224 1025 ideam,
1274 939 1573 1026 primam
1650 937 1972 1004 videlicet
2041 937 2442 1025 primaeque
2499 940 2717 1006 menti
2779 964 2886 1007 ae-

598 1091 934 1156 quaevam
987 1068 1309 1152 formam}
1367 1065 1783 1134 foecundum
1836 1066 2144 1132 universi
2191 1074 2400 1153 atque
2447 1066 2882 1153 singularum

508 1189 550 1252 5
595 1197 976 1286 specierum
1022 1195 1491 1282 archetypum.
1547 1193 1782 1260 Tertio
1822 1194 2212 1261 naturalem
2260 1195 2571 1261 ordinem
2619 1196 2875 1283 ipsum,

595 1330 665 1389 et
709 1344 887 1406 eam,
938 1343 1075 1406 qua
1118 1319 1656 1406 unumquodque
1704 1327 1807 1385 est
1852 1343 1939 1385 ex
1974 1320 2128 1386 idea
2166 1322 2658 1406 constitutum,
2705 1321 2880 1388 divi-

594 1474 723 1519 nae
759 1450 1075 1516 iusticiae
1113 1456 1182 1514 et
1218 1446 1733 1513 distributionis
1770 1446 2130 1513 rationem.
2168 1447 2433 1525 Quarto
2473 1471 2662 1530 eam,
2704 1470 2881 1534 quae

594 1576 996 1644 definitione
1032 1576 1133 1641 rei
1179 1574 1551 1657 indicatur,
1602 1573 1988 1639 essentiam.
2039 1572 2302 1650 Quinto
2351 1572 2757 1658 efficaciam,
2808 1582 2879 1641 et

594 1706 822 1793 ipsum
860 1703 1073 1789 (quod
1107 1702 1207 1768 rei
1242 1692 1612 1767 essentiam
1659 1701 2128 1786 consequitur)
2177 1709 2622 1769 momentum.
2665 1703 2875 1771 Sexto

464 1828 551 1893 10
595 1835 1165 1912 mensuratorem‚
1219 1850 1339 1894 seu
1397 1826 1921 1894 subordinatam
1967 1834 2296 1910 mentem;
2345 1829 2528 1895 unde
2589 1852 2730 1896 non
2777 1837 2873 1896 te-

592 1980 776 2024 mere
820 1977 1213 2022 mensuram
1260 1975 1488 2021 rerum
1543 1952 1928 2041 appellavit
1977 1953 2066 2018 ho
2091 1962 2099 2042 1
2125 1953 2382 2020 minem
2430 1956 2872 2043 Protagoras.

592 2084 901 2172 Septimo
937 2081 1237 2149 hominis
1286 2081 1654 2163 rationem,
1703 2103 1823 2147 seu
1869 2082 2315 2148 mensurandi
2361 2085 2748 2169 potentiam
2795 2085 2869 2151 in

590 2209 742 2296 ipsa
800 2206 1071 2274 ratione
1115 2206 1621 2272 consistentem.
1671 2204 1935 2273 Octavo
1993 2205 2312 2272 habitum
2372 2207 2625 2294 ipsum;
2687 2209 2871 2275 unde

589 2333 953 2400 Aristoteli
1007 2355 1328 2400 mensura
1382 2354 1611 2399 rerum
1670 2354 1908 2399 sensus
1965 2332 2223 2398 dicitur
2289 2341 2497 2420 atque
2556 2335 2866 2402 scientia.

460 2450 542 2516 15
587 2459 788 2526 Nono
835 2458 1015 2525 actio
1081 2455 1475 2523 huiusmodi
1522 2479 1696 2541 quae
1742 2456 2117 2522 secundum
2165 2481 2440 2524 sensum
2501 2465 2606 2525 est
2661 2467 2870 2546 atque

586 2584 953 2671 rationem,
987 2607 1236 2673 nempe
1274 2581 1872 2650 mensurationem.
1921 2585 2207 2652 Decimo
2254 2586 2554 2654 hominis
2600 2594 2866 2675 parteS‚

584 2721 827 2803 utpote
890 2714 1214 2801 digitum,
1253 2713 1577 2801 palmam,
1619 2711 1890 2800 pedem,
1931 2714 2168 2780 ulnam
2217 2720 2288 2780 et
2332 2714 2405 2780 id
2450 2737 2668 2801 genus
2707 2716 2866 2783 alia.

584 2841 964 2908 Undecimo
1001 2839 1294 2906 artificio
1331 2839 1723 2925 excogitata
1761 2862 2023 2926 organa
2076 2841 2237 2924 du0‚
2276 2863 2590 2907 normam
2625 2842 2869 2909 videli-

585 2974 692 3034 cet
736 2977 945 3054 atque
989 2966 1346 3050 circulum,
1388 2966 1640 3051 quibus
1686 2966 2053 3034 subiicitur
2099 2968 2342 3055 puncti
2381 2968 2609 3035 fluxus
2653 2977 2865 3057 atque

448 3091 540 3155 20
582 3093 1086 3160 circumfluxus.
1144 3091 1566 3158 Duodecimo
1614 3092 1946 3178 cuiusque
1990 3093 2091 3159 rei
2137 3093 2502 3160 minimum
2550 3119 2671 3163 seu
2728 3097 2864 3163 ele-

582 3225 917 3303 mentum,
973 3226 1053 3285 ut
1105 3218 1474 3302 unitatem,
1542 3225 1906 3305 punctum,
1968 3227 2293 3287 atomum.
2364 3222 2861 3289 Decimotertio

582 3350 963 3436 quamlibet
997 3349 1334 3416 minorem
1370 3356 1640 3436 partem
1678 3371 1810 3434 qua
1848 3348 2160 3435 proxime
2196 3350 2307 3415 vel
2344 3356 2606 3415 remote
2642 3350 2862 3416 maior

580 3484 1033 3544 mensuratur.
1073 3477 1602 3555 Quart-odecimo
1642 3499 2121 3562 quamcunque
2167 3477 2667 3543 mensurationi
2706 3479 2860 3545 sub-

579 3607 828 3670 iectam
873 3603 974 3669 rei
1019 3604 1597 3691 magnitudinem;
1637 3603 1819 3669 unde
1868 3603 2005 3669 alia
2050 3626 2372 3670 mensura
2408 3603 2708 3669 hominis
2760 3605 2862 3669 di-

445 3731 532 3795 25
578 3732 783 3816 citur,
823 3731 962 3797 alia
995 3731 1181 3817 equi,
1220 3731 1399 3797 sicut
1436 3737 1506 3795 et
1542 3729 1698 3795 aliis
1731 3730 2034 3795 numeris
2080 3729 2219 3812 hic,
2268 3730 2425 3795 aliis
2474 3731 2592 3795 ille
2638 3733 2861 3797 consi-

577 3861 719 3926 stit.
800 3859 1327 3938 Quintodecimo
1384 3865 1702 3923 exactum
1763 3864 1969 3942 atque
2024 3856 2396 3942 probatum
2470 3865 2860 3942 geometrae

576 4007 748 4072 opus
783 3985 891 4050 vel
929 3983 1486 4049 enunciationem
1524 3983 1906 4070 apodictice
1943 3981 2436 4048 confirmatam.

762 4281 794 4329 4
821 4279 1170 4331 foecundam
1308 4281 1341 4329 9
1375 4283 1687 4332 essensiam
1826 4283 1884 4331 ll
1919 4282 2309 4349 Prothagoras
2443 4285 2508 4336 23
2541 4284 2860 4337 subiect-am

842 4567 994 4609 namn
1024 4570 1132 4620 Opp.
1160 4571 1239 4609 lat.
1266 4571 1310 4620 1,
1331 4570 1371 4607 3.
2510 4575 2534 4613 3

2922 1969 3106 2033 102¹·
