3738 5268
1124 488 1434 535 Awmcvm
1476 488 1817 534 Anvnasvs
1862 489 2395 534 nxmmmmos,
2805 473 2877 532 13

1006 793 1783 873 THEOREMATA
1843 794 2474 875 TRIANGVLI.

768 1032 823 1098 Ι.
870 1033 1028 1100 Duo
1066 1032 1309 1119 anguli
1347 1039 1417 1097 et
1454 1054 1672 1098 unum
1706 1032 1918 1116 latuS‚
1952 1031 2087 1096 duo
2134 1031 2304 1098 item
2339 1030 2558 1097 latera
2590 1038 2659 1096 et
2695 1054 2877 1099 unus

591 1157 914 1243 anguhm,
947 1158 1232 1224 tertium
1265 1157 1597 1243 angulum
1623 1164 1693 1223 et
1723 1157 2011 1223 tertium
2037 1157 2246 1241 latus,
2285 1164 2354 1222 et
2378 1164 2877 1243 consequenter

590 1282 927 1369 trianguli
964 1284 1286 1371 speciem,
1321 1282 1727 1369 qualitatem
1751 1288 1821 1348 et
1854 1282 2318 1368 quantitatem
2351 1281 2711 1348 definiunt.
2743 1282 2876 1348 Re-

501 1411 544 1475 5
588 1410 768 1497 petit
804 1410 1125 1477 Euclides
1161 1433 1263 1498 pr.
1303 1412 1366 1475 4.
1405 1411 1466 1476 6.
1506 1411 1568 1475 8.
1608 1411 1712 1476 24.
1752 1412 1857 1476 25.
1897 1412 2005 1476 26.
2041 1416 2233 1476 sexto
2266 1411 2326 1475 6.
2368 1411 2427 1475 7.
2469 1410 2572 1474 14.
2625 1410 2727 1475 15.
2770 1410 2872 1474 18.

596 1537 696 1600 19.
736 1537 841 1600 20.
879 1537 987 1601 21.

766 1661 860 1727 II.
906 1661 1162 1727 'Valent
1199 1661 1411 1749 primi
1450 1662 1510 1728 5.
1547 1662 1649 1727 18.
1695 1662 1796 1727 19.
1830 1662 1935 1726 20.
1976 1662 2083 1726 21.
2120 1662 2227 1727 25.
2266 1662 2371 1726 32.

763 1786 894 1853 ΙΙΙ.
941 1787 1364 1874 Triangulus
1399 1794 1814 1875 rectagonus
1852 1795 1923 1853 et
1953 1788 2675 1874 parallelogrammum
2709 1787 2873 1854 dua-

588 1912 717 1979 bus
753 1912 960 1979 rectis
1004 1912 1213 1977 lineis
1249 1913 1679 1997 continetur,
1712 1913 1941 2001 prima
1978 1913 2283 1979 secundi.

462 2044 550 2108 10
770 2041 888 2108 IV.
936 2041 1359 2128 Triangulus
1406 2042 1481 2107 in
1528 2041 1959 2107 semicirculo
2004 2049 2235 2107 rectus
2281 2047 2414 2123 est,
2476 2041 2551 2106 in
2615 2040 2870 2107 minori

588 2192 752 2237 arcu
793 2171 1108 2255 obtusus,
1148 2170 1225 2237 in
1263 2170 1511 2238 maiori
1547 2177 1809 2236 acutus,

762 2293 845 2362 V.
893 2296 1434 2383 Triangulorum
1508 2295 2071 2382 rectangulorum
2148 2294 2461 2380 regulam
2519 2315 2603 2358 ex
2665 2292 2860 2359 Euel.

588 2421 797 2508 primi
841 2445 910 2510 p.
955 2424 1064 2489 47.
1110 2423 1218 2489 48.
1276 2430 1655 2509 sequantur
1709 2420 1995 2488 secundi
2059 2422 2121 2486 9.
2171 2421 2274 2485 10.
2328 2422 2428 2484 11.
2478 2420 2580 2483 12.
2632 2420 2736 2484 13.
2786 2420 2869 2484 14

592 2554 663 2613 et
710 2546 889 2613 sexti
935 2548 1042 2613 31.

463 2679 548 2741 15
765 2676 885 2742 VI.
934 2676 1188 2744 Valent
1226 2675 1404 2740 sexti
1437 2676 1499 2740 3.
1534 2675 1599 2740 8.
1638 2675 1746 2739 32.
2916 2688 2979 2739 a
3003 2675 3106 2737 9¹⁸

761 2802 919 2868 VII.
966 2801 1079 2869 Ad
1114 2801 1454 2888 trianguli
1499 2801 1681 2868 latus
1712 2802 2045 2890 parallela
2085 2801 2293 2868 ducta
2321 2802 2861 2889 proportionali-

588 2935 694 2992 ter
729 2933 931 2992 secat.
973 2927 1169 2994 Sexti
1207 2929 1268 2994 2.
1306 2929 1369 2992 4.
1409 2928 1469 2993 5.
1510 2930 1570 2994 9.
1614 2929 1718 2993 10.

1068 3166 1667 3244 ΑΧΙΟΜΑΤΑ
1721 3169 2306 3246 POLIGONIA
2319 3173 2408 3246 E.

762 3413 817 3479 I.
864 3412 1285 3499 Figuratum
1331 3414 1640 3482 omnium
1682 3417 2199 3484 rectilinearum
2239 3419 2604 3506 planarum
2651 3421 2865 3486 trian-

451 3545 544 3609 20
584 3539 816 3625 911113,
854 3538 1227 3607 solidarum
1265 3542 1575 3629 pyramis
1608 3542 1946 3609 elementa
1978 3550 2159 3610 sunt.
2193 3545 2478 3633 Repetit
2507 3547 2719 3635 primi
2754 3550 2865 3617 41.

585 3666 692 3732 42.
738 3667 846 3731 44.
893 3667 999 3732 45.
1046 3668 1235 3733 Hinc
1280 3669 1536 3755 pendet
1581 3670 1762 3736 ratio
1808 3678 1880 3737 et
1925 3672 2160 3758 praxis
2207 3673 2864 3762 parallelogrammi,

586 3793 771 3879 quod
800 3794 1112 3881 proxime
1149 3818 1186 3860 e
1225 3794 1492 3862 duobus
1529 3796 1960 3883 orthogoniis
1997 3806 2102 3864 est
2137 3799 2528 3885 triangulis,

764 3920 854 3985 H.
902 3920 1165 4006 Figura
1220 3921 1570 4006 quaelibet
1625 3922 1771 3988 sive
1823 3923 2061 4011 plana,
2103 3925 2249 3991 sive
2287 3926 2505 3994 solida
2552 3933 2872 4014 (quarum

586 4047 928 4113 elementa
975 4054 1141 4114 sunt
1186 4048 1580 4134 triangulus
1626 4057 1697 4116 et
1741 4052 2077 4138 pyramis)
2117 4052 2304 4119 intra
2350 4054 2621 4120 easdem
2658 4059 2877 4144 paral·

453 4176 540 4240 25
588 4171 784 4257 lelas,
842 4172 1113 4240 easdem
1172 4174 1283 4240 vel
1320 4175 1639 4260 aequales
1706 4175 1905 4242 bases
1960 4177 2164 4244 alteri
2232 4178 2535 4246 eiusdem
2598 4183 2873 4268 generis

771 4436 821 4487 7.
852 4435 903 4486 8.
936 4436 997 4487 10
1022 4452 1053 4487 e
1080 4437 1142 4486 12
1173 4435 1416 4488 abbiamo
1440 4434 1684 4504 aqyn'unti
1708 4437 1730 4489 ι’
1751 4436 1964 4489 numeri
1979 4436 2320 4505 progresxt'vi
2346 4439 2433 4491 dei
2455 4440 2674 4493 teoremz‘
