3738 5268
1359 511 1449 555 m:
1487 511 1713 555 mium
1756 510 2171 556 Exls'rssn'rm.
2795 497 2902 555 149

622 667 910 727 iudicium
947 667 1022 727 de
1058 676 1277 742 atomo,
1316 666 1476 726 idem
1524 666 1719 745 primo
1777 675 1841 727 et
1888 666 2216 745 praecipuo
2262 666 2442 727 modo
2485 668 2562 727 de
2620 668 2904 729 monade.

624 782 784 843 unde
812 781 1055 843 tandem
1084 783 1398 843 minimum
1424 802 1532 843 seu
1559 802 1774 842 monas
1802 791 1902 843 est
1929 782 2148 859 omnia,
2173 802 2281 843 seu
2310 783 2571 843 maxima
2601 793 2664 844 et
2690 793 2915 860 totum,

787 914 823 961 1
857 901 951 960 79.
996 896 1065 958 Si
1096 918 1244 977 ergo
1288 898 1724 978 contemplatio
1779 906 2036 958 naturae
2083 898 2354 976 vestigia
2405 901 2817 978 persequitur,
2875 921 2911 959 a

624 1014 869 1075 minimo
904 1015 1178 1093 incipiat,
1209 1023 1274 1075 et
1306 1015 1366 1075 in
1396 1015 1642 1074 minimo
1672 1013 2047 1093 speculando
2078 1014 2393 1092 consistat,
2419 1023 2484 1075 et
2511 1014 2569 1074 in
2599 1015 2907 1075 minimum

539 1128 581 1191 ὃ
625 1131 1093 1209 contemplando
1130 1130 1375 1192 desinat
1409 1139 1671 1210 oportet.

1543 1459 1847 1526 CAPVT
1916 1460 1997 1526 V.

929 1636 1147 1676 meursio
1171 1646 1261 1684 qua
1287 1637 1508 1685 repetitur
1528 1636 1729 1675 conditio
1751 1634 1887 1674 huius
1905 1633 2303 1685 contemplationis
2326 1633 2383 1673 ad
2408 1635 2603 1685 praxim.

801 1854 987 1940 Ergo
1027 1875 1387 1920 mensurae
1420 1853 1723 1919 rationes
1761 1859 1971 1938 atque
2007 1853 2271 1939 figurae

624 1969 1068 2054 PerquirenS,
1109 1969 1472 2055 variosque
1511 1970 1586 2035 in
1624 1969 1794 2035 fines
1831 1969 2112 2034 tramite
2151 1968 2388 2036 eodem

494 2092 580 2155 10
624 2088 1028 2171 CollimanS,
1070 2085 1189 2172 qui
1227 2086 1409 2151 idem
1443 2108 1848 2151 mensurans
1886 2086 2145 2151 format
2183 2093 2253 2150 et
2291 2085 2473 2151 idem

622 2207 980 2271 Mensurat
1010 2203 1346 2287 formam,
1381 2201 1654 2266 minimi
1693 2202 2084 2288 speculetur
2117 2208 2390 2288 oportet

623 2320 963 2385 Naturam
998 2317 1225 2405 primo
1262 2316 1555 2382 solidum
1590 2317 1956 2404 capiatque
1995 2317 2427 2382 elementum.
2892 2347 2917 2385 5

624 2438 814 2504 Haec
851 2460 1023 2524 opus
1062 2435 1406 2501 adiectum
1444 2435 1823 2522 speculatio
1865 2434 2173 2521 concipit
2210 2434 2460 2516 omnis,

622 2553 828 2619 Actio
861 2576 988 2618 nec
1018 2574 1339 2640 praesens
1379 2574 1589 2616 vacua
1630 2557 1731 2616 est
1769 2550 2039 2616 ratione
2071 2549 2451 2639 profunda;

495 2674 578 2737 15
625 2671 805 2736 Nam
843 2670 1160 2757 patribus
1198 2668 1479 2756 sophiae
1510 2648 1851 2734 humanae
1888 2666 2221 2755 perfectio
2263 2667 2515 2732 mentis

624 2785 1001 2872 Praecipue
1039 2783 1422 2871 appetitur,
1464 2782 1573 2848 cui
1614 2782 1673 2847 si
1711 2783 1948 2869 praxis
1988 2804 2256 2869 quoque
2296 2782 2491 2847 testis

624 2902 957 2985 Accedat,
996 2906 1196 2966 tanto
1235 2906 1338 2964 est
1375 2899 1607 2963 lumen
1646 2907 1806 2986 pote
1846 2923 1916 2964 se
1955 2900 2177 2985 magis
2215 2906 2409 2964 extra
2866 2933 2916 2968 10

622 3017 965 3099 Funde-re,
1000 3024 1080 3081 ut
1116 3016 1204 3081 ad
1236 3039 1472 3082 sensus
1511 3014 1883 3080 descendat
1920 3015 2008 3080 ab
2047 3014 2286 3080 ordine
2326 3014 2609 3099 mentiS,

626 3135 768 3199 Ceu
806 3133 1031 3199 suevit
1070 3156 1310 3198 sensus
1347 3155 1473 3219 per
1510 3133 1727 3199 scalas
1758 3134 1900 3197 alta
1939 3132 2170 3224 subire

492 3256 582 3320 ΞΟ
628 3250 904 3315 Limina
942 3273 1065 3336 per
1097 3249 1361 3315 mediae
1401 3248 1692 3313 rationis
1731 3249 2037 3335 compita
2074 3271 2381 3335 surgens.

623 3366 918 3433 Lumine
952 3374 1372 3453 quapropter
1412 3372 1701 3430 naturae
1739 3365 2086 3453 operando
2125 3366 2473 3448 docemus,

625 3487 723 3553 Ut
738 3486 907 3553 ‘vice
946 3484 1285 3550 discentes
1317 3506 1513 3548 versa
1552 3491 1961 3548 moveantur
1998 3483 2074 3547 in
2114 3482 2259 3548 eius
2870 3511 2917 3549 ιε)

627 3604 1007 3669 Sublimem
1043 3603 1393 3686 obtutum,
1430 3602 1503 3666 in
1542 3601 1848 3666 tenebris
1889 3623 2063 3686 quae
2101 3600 2324 3685 fulget
2363 3614 2426 3663 et
2473 3600 2609 3664 alte

626 3721 808 3785 Fusa
848 3743 968 3807 per
1007 3718 1419 3784 immensum
1457 3740 1601 3782 sese
1640 3716 1925 3800 ingerit,
1967 3715 2285 3780 omnibus
2326 3714 2515 3779 omni

495 3848 581 3909 25
628 3839 762 3903 Pro
803 3844 1040 3923 captu,
1083 3844 1151 3898 et
1190 3842 1527 3921 quantum
1565 3856 1635 3897 se
1671 3831 1959 3917 quisquc
1998 3832 2325 3897 obiecerit
2366 3831 2487 3896 illi.

628 3955 783 4021 Non
824 3953 1005 4019 tanti
1045 3960 1148 4017 est
1188 3952 1420 4039 praxis
1459 3949 1698 4033 studii,
1737 3950 1982 4034 quanti
2021 3950 2199 4015 ratio
2239 3957 2446 4034 atque

628 4071 853 4154 Finis,
894 4091 1019 4156 pro
1054 4069 1303 4154 quibus
1341 4067 1508 4133 hacc
1545 4073 1708 4131 sunt
1745 4074 2067 4131 accurata
2104 4066 2414 4132 subinde.
2867 4093 2918 4130 ευ

629 4187 999 4252 Concretas
1037 4196 1401 4273 postquam
1436 4183 1756 4247 tenebras
1793 4204 2040 4247 aurora
2080 4181 2370 4267 fugarit,

626 4303 921 4368 Lumine
958 4302 1309 4389 praeclaro
1343 4307 1551 4385 caput
1588 4305 1853 4363 exseret
1892 4298 2236 4363 aetherius
2276 4298 2404 4380 sol;

632 4474 807 4482 -ἓ-Ίῖᾲ
862 4470 1065 4475 ----·-
1158 4467 1453 4473 νμμ----
1492 4466 1619 4473 -ἶῆ
1648 4466 1785 4471 -τᾼήῐ
1830 4468 1857 4469 7*
1913 4466 1936 4470 *-
2163 4466 2282 4470 j*
2439 4466 2456 4469 —
2579 4464 2608 4469 ἡ
2733 4464 2746 4467 -
2789 4466 2802 4467 7
2831 4463 2880 4469 4—-

820 4522 879 4569 19
913 4518 1138 4568 schalas
