3738 5268
842 523 963 581 302
1443 533 1720 577 tonnam
1761 531 1963 574 anm
2008 530 2095 573 m:
2136 530 2405 588 irmino,
2454 529 2514 572 v.

1761 926 2069 990 CAPVT
2137 925 2227 990 ΙΙ.

938 1130 1258 1180 Aequalitatis.
1290 1130 1439 1168 Daue
1468 1133 1619 1169 rectae
1649 1139 1678 1167 ι
1704 1128 1811 1167 dato
1840 1132 2009 1177 puncto
2038 1128 2111 1167 vel
2141 1127 2555 1177 quomodocumque
2585 1128 2824 1178 aequalem
2854 1128 3046 1178 accipio.

1021 1382 1179 1447 Non
1217 1381 1416 1447 dabis
1454 1381 1528 1445 in
1565 1402 1792 1445 rerum
1830 1389 2081 1445 natura
2119 1381 2401 1465 aequale
2437 1404 2564 1466 per
2600 1403 2830 1465 omne;

845 1495 1003 1562 Non
1040 1495 1208 1561 haec
1244 1518 1420 1581 quae
1457 1495 1683 1560 fuerat
1718 1497 1975 1583 repetit
2015 1519 2337 1562 mensura
2374 1497 2756 1562 subactum.

757 1612 800 1675 5
845 1615 1032 1679 Hinc
1067 1637 1290 1700 neque
1328 1614 1786 1702 compositum
1823 1621 1929 1679 est
1967 1623 2128 1702 pote
2164 1615 2276 1680 vel
2316 1616 2697 1702 complexio
2736 1615 3071 1700 quaedam

844 1731 958 1796 Ad
996 1731 1271 1818 signum
1308 1753 1586 1818 prorsus
1621 1730 1899 1795 noviter
1935 1733 2320 1797 revocarier
2351 1755 2597 1815 unum3

845 1848 1219 1913 Innumero
1258 1846 1597 1932 siquidem
1637 1855 2057 1912 concurrunt
2090 1848 2329 1913 ordine
2365 1857 2597 1935 partes

846 1964 1189 2030 Dissimili
1228 1963 1510 2049 ingenio
1548 1970 1757 2048 atque
1795 1963 1974 2046 locO,
2014 1986 2135 2028 ceu
2176 1964 2491 2029 materiei

847 2083 1085 2148 Portio
1123 2104 1264 2149 non
1301 2080 1538 2146 eadem
1576 2088 1680 2146 est
1717 2080 2005 2168 specieS,
2044 2080 2329 2147 fortuna
2367 2082 2704 2169 situsque,

717 2199 803 2263 10
851 2200 1038 2279 Quae
1076 2198 1271 2265 varia
1307 2197 1565 2263 circum
1602 2204 1811 2282 atque
1849 2197 2040 2262 intus
2078 2199 2252 2263 serie
2288 2199 2520 2265 omnia
2557 2208 2899 2265 constant.

846 2316 1026 2381 Nam
1065 2315 1256 2379 velut
1294 2313 1676 2379 innumeris
1714 2336 1836 2401 per
1874 2321 2123 2379 cuncta
2161 2315 2499 2380 instantia
2537 2314 2865 2380 membris

846 2435 913 2499 A
950 2433 1218 2500 cunctis
1256 2432 1462 2497 datur
1498 2431 1880 2515 abscessu8,
1918 2454 2140 2517 neque
2171 2441 2370 2498 tanta
2407 2433 2729 2498 eademve

848 2549 1029 2616 Dein
1068 2549 1286 2615 tantis
1324 2547 1706 2634 iisdemque
1742 2549 1931 2615 valet
1969 2549 2314 2615 concessio
2353 2548 2548 2632 oriri,

850 2669 1142 2747 Quando
1180 2668 1422 2734 itidem
1459 2674 1658 2733 tanta
1698 2691 1841 2733 esse
1879 2669 2124 2753 nequit
2161 2667 2504 2734 discordia
2540 2688 2823 2732 concors

720 2784 805 2849 15
851 2785 1178 2871 Undique
1215 2785 1535 2869 diversiS,
1575 2785 1790 2850 variis
1829 2790 2207 2869 contraque
2243 2783 2567 2870 repostiS,

851 2900 968 2966 Sic
1006 2908 1232 2967 tractu
1271 2901 1606 2966 immenso
1644 2900 1811 2966 haec
1849 2907 2003 2966 rota
2039 2899 2370 2987 temporis
2409 2897 2660 2986 arripit
2697 2904 2778 2963 ut
2815 2897 2959 2962 sint

855 3014 1185 3102 Simplice
1222 3022 1571 3082 momento
1612 3015 1912 3082 millenis
1952 3016 2139 3081 mille
2175 3023 2520 3081 tomorum

853 3132 946 3195 Et
984 3129 1425 3198 fortunarum
1463 3132 1768 3198 numeris
1806 3132 2003 3199 varia
2041 3132 2300 3215 omnia,
2341 3131 2657 3218 quamvis

852 3246 1218 3334 Effugiant
1256 3272 1499 3314 sensus
1537 3253 1788 3331 (rerum
1826 3249 1956 3314 hae
1995 3250 2410 3333 substantia)
2447 3248 2728 3336 parteis.

718 3363 808 3426 20
852 3364 950 3431 Ut
987 3386 1259 3450 quoque
1297 3387 1472 3450 quae
1511 3365 1717 3430 simul
1756 3373 2095 3452 apparent
2132 3365 2259 3431 sub
2298 3364 2523 3430 iudice
2563 3386 2766 3429 sensu

852 3482 1091 3547 Pluria
1130 3488 1419 3547 naturae
1457 3481 1854 3568 abiungunt
1892 3489 2239 3548 momenta
2278 3480 2615 3569 profect0‚

852 3598 994 3663 Ceu
1032 3598 1396 3663 minimum
1433 3604 1746 3663 nostrum
1785 3622 1825 3663 a
1864 3597 2152 3663 minimo
2190 3596 2648 3683 distinguitur
2685 3595 2851 3660 eiuS.

852 3716 1185 3781 Attamen
1223 3714 1296 3779 id
1333 3713 1512 3779 ratio
1552 3714 1687 3779 sibi
1727 3713 2159 3801 pollicitatur
2197 3721 2265 3779 et
2303 3715 2487 3779 ultro

854 3832 1200 3916 Praestat,
1241 3837 1310 3896 et
1351 3830 1438 3896 ad
1475 3853 1750 3895 sensum
1788 3830 2101 3896 subiecta
2139 3852 2456 3917 compare
2488 3829 2746 3915 gaudet

723 3951 808 4014 25
854 3948 1203 4030 Mensura,
1243 3954 1323 4012 ut
1359 3946 1538 4011 radii
1576 3947 1704 4012 sub
1742 3968 1985 4013 norma
2023 3947 2242 4012 multa
2281 3946 2557 4012 subesse

853 4066 1079 4134 Unius
1117 4064 1477 4148 acciderit,
1515 4087 1691 4151 gyro
1731 4087 2271 4153 comprensaque
2308 4064 2544 4131 eodem

854 4183 1000 4248 Aut,
1036 4205 1230 4265 arcu,
1271 4187 1394 4246 aut
1429 4181 1712 4268 paribus
1751 4181 2039 4247 venient
2075 4181 2520 4247 adcommoda
2559 4179 2797 4266 signis.

855 4298 991 4364 Sed
1030 4297 1196 4383 quid
1234 4319 1406 4384 opus
1447 4297 1814 4383 triquetro,
1855 4297 2027 4362 mihi
2068 4297 2341 4383 quando
2381 4297 2804 4384 simpliciora

858 4412 1273 4500 Compositis
1313 4412 1492 4477 ratio
1531 4419 1719 4495 sunt,
1759 4413 2078 4479 non'illis
2117 4413 2251 4479 ista
2290 4413 2625 4496 vicissim,

724 4537 813 4601 30
855 4534 1350 4616 Praeterquam
1388 4529 1676 4617 physico
1716 4536 1785 4593 et
1822 4529 2136 4597 discursu
2172 4529 2583 4617 posteriore,

3153 940 3234 1001 p.
3268 926 3452 987 161

3090 2462 3138 2499 1⁰

3089 4207 3141 4246 25
3165 4204 3247 4265 p.
3268 4189 3468 4253 162
