3738 5268
1220 544 1850 591 ooanm‘nA'mom-:s
1893 546 1983 590 Ex
2027 546 2286 592 ummo.
2774 534 2893 594 225

771 703 888 763 Est
920 700 1069 762 ordo
1111 722 1229 780 quo
1272 708 1546 763 centrum
1601 701 2020 778 magnitudine
2072 701 2285 763 circuli
2338 704 2759 782 sphaeraeque
2794 707 2897 766 ab·

611 827 900 880 sumatur.
932 817 1253 895 Quoniam,
1292 826 1363 879 ut
1400 819 1464 878 in
1517 838 1662 879 area
1711 818 2053 880 Democriti
2094 826 2191 879 est
2241 819 2666 894 manifestum,
2711 842 2893 882 unum

611 936 919 998 minimum
970 937 1072 999 vel
1130 956 1415 1015 magnum
1469 938 1571 999 vel
1629 945 2158 1016 quantumcunque
2215 939 2537 1015 globosum
2580 960 2701 1001 non
2751 942 2893 1020 plus

610 1074 789 1131 quam
824 1074 933 1115 sex
960 1053 1098 1114 aliis
1130 1054 1487 1132 aequalibus
1528 1054 1770 1132 punctis
1803 1053 2150 1132 attingitur,
2194 1055 2356 1116 inter
2397 1077 2646 1132 quorum
2683 1077 2909 1118 coeun-¹

522 1176 563 1239 ὃ
608 1170 760 1232 tium
820 1171 1098 1249 angulos·
1133 1192 1241 1232 sex
1293 1171 1398 1231 alii
1455 1171 1805 1233 immediate
1860 1173 2128 1233 secundo
2183 1173 2566 1235 intercedant
2611 1183 2673 1235 et
2724 1176 2888 1238 idem

611 1295 881 1348 centrum
916 1295 1322 1365 agnoscentes
1349 1289 1920 1367 circumponantur,
1966 1288 2107 1349 hinc
2150 1297 2247 1351 est
2288 1291 2449 1366 quod
2483 1291 2888 1357 solertissima

607 1404 940 1480 antiquitas
993 1424 1230 1465 omnem
1287 1403 1552 1464 influxus
1605 1403 1898 1465 virtutem
1954 1404 2033 1463 ad
2086 1404 2408 1467 duodecim
2468 1409 2885 1469 tantummodo

608 1520 815 1600 spacia
841 1520 1069 1599 retulit,
1099 1541 1352 1598 quorum
1380 1521 1432 1581 si
1461 1519 1732 1582 exactior
1767 1520 2121 1582 distributio
2145 1529 2361 1600 posset
2387 1523 2665 1601 inveniri,
2702 1523 2885 1603 longe

607 1639 847 1718 plenius
881 1639 960 1699 ad
1001 1638 1581 1725 prognosticandum
1634 1638 1922 1699 iudicium
1968 1640 2344 1702 sortiremur.
2379 1639 2532 1701 Inde
2584 1648 2759 1720 patet
2793 1662 2889 1702 ae-

478 1756 562 1820 10
608 1757 811 1834 qualia
843 1777 951 1816 sex
985 1764 1220 1816 tantum
1256 1756 1464 1835 spacia
1496 1775 1606 1816 sex
1640 1755 1894 1816 definita
1915 1756 2095 1817 lineis
2123 1778 2337 1836 purum
2366 1778 2584 1820 versus
2613 1766 2887 1819 centrum

603 1873 919 1951 influxum,
956 1892 1183 1949 sexque
1218 1872 1340 1933 alia
1378 1874 1575 1950 magis
1607 1875 1931 1934 remissum
1973 1881 2155 1950 atque
2197 1872 2286 1934 uti
2332 1875 2734 1953 compositum
2779 1875 2888 1935 im-

604 1992 867 2050 mittere.
904 1989 1005 2048 Sic
1038 1995 1210 2066 patet
1241 1997 1312 2050 ut
1342 1996 1468 2049 tum
1505 1988 1788 2068 physice,
1823 1997 1955 2049 tum
1988 1989 2357 2066 geometrice
2396 1998 2670 2051 centrum
2708 2010 2889 2069 regu-

603 2110 816 2169 lariter
849 2108 1224 2183 absum-atum
1265 2113 1587 2185 postquam
1625 2108 1783 2168 enim
1817 2108 1922 2166 uni
1965 2107 2395 2186 circumposita
2449 2116 2594 2170 sunt
2643 2128 2781 2187 sex,
2825 2116 2889 2169 et

603 2227 727 2286 illis
768 2245 878 2285 sex
920 2223 1239 2284 duodecim
1281 2225 1592 2299 aequalia,
1634 2224 1751 2283 hoc
1798 2231 1996 2284 totum
2046 2225 2425 2304 complexum
2461 2245 2535 2285 ex
2570 2225 2780 2287 decem
2823 2234 2888 2286 et

474 2343 556 2406 15
602 2363 820 2405 novem
871 2343 1151 2423 partibus
1186 2362 1320 2402 cum
1354 2343 1482 2402 suis
1516 2341 1857 2404 octodecim
1901 2342 2127 2421 spaciis
2169 2342 2260 2402 uti
2301 2350 2607 2421 centrum,
2653 2344 2746 2404 cui
2790 2364 2887 2404 eo-

601 2460 740 2520 dem
784 2459 996 2519 ordine
1037 2479 1146 2519 sex
1199 2458 1476 2533 aequalia
1534 2458 2096 2537 circumponuntur,
2144 2458 2503 2538 accipiatur;
2557 2459 2764 2536 itaque
2817 2461 2882 2521 in

600 2577 901 2646 infinitum
935 2596 1042 2637 seu
1074 2575 1455 2636 indefinitum
1493 2576 1574 2656 (si
1608 2575 1875 2656 placeat)
1910 2574 2358 2653 ratiocinando,
2396 2574 2506 2636 sed
2538 2595 2664 2637 non
2697 2576 2883 2637 virtu·

603 2702 723 2755 tem
760 2693 1138 2772 expectando
1175 2692 1463 2770 influxuS,
1493 2692 1879 2771 procedatur.
1916 2693 2040 2754 Ubi
2075 2693 2221 2754 licet
2254 2694 2597 2753 continuum
2635 2694 2718 2754 sit
2749 2693 2882 2753 infi-

600 2811 819 2888 nitum,
851 2810 1009 2871 actio
1046 2831 1163 2870 non
1198 2810 1427 2888 poterit
1454 2829 1591 2871 esse
1618 2810 1856 2871 infinita
1884 2810 2021 2887 nisi,
2053 2819 2121 2871 ut
2154 2809 2748 2892 aliasjostendimus,
2784 2829 2881 2871 ex-

469 2934 560 2997 20
602 2928 871 3003 tensive;
921 2927 1091 2989 cuius
1143 2928 1236 2987 rei
1287 2947 1407 2986 una
1458 2927 1535 2987 de
1593 2926 1973 3005 principibus
2028 2928 2185 2988 ratio
2251 2935 2378 3006 est,
2433 2927 2575 3004 qnia
2635 2946 2880 3006 semper

603 3044 934 3104 secundum
989 3043 1332 3121 analogiam
1385 3042 1463 3101 ad
1519 3042 1761 3119 singula
1809 3052 2018 3104 centro
2065 3042 2331 3120 variam,
2389 3052 2556 3104 totus
2611 3043 2880 3121 undique

603 3182 725 3222 non
773 3169 869 3223 est
912 3161 1331 3222 contrahibilis
1383 3161 1462 3221 ad
1503 3161 1742 3222 unicum
1786 3169 2059 3221 centrum
2099 3161 2382 3222 influxus.
2421 3161 2521 3222 Sic
2556 3181 2703 3240 ergo
2749 3171 2879 3221 tum

600 3301 914 3359 nusquam,
941 3288 1065 3340 tum
1095 3280 1316 3356 ubique
1353 3279 1615 3341 medium
1651 3280 1712 3339 in
1746 3279 1982 3340 infinito
2015 3288 2076 3340 et
2109 3280 2185 3339 ad
2218 3279 2517 3339 infinitum
2556 3300 2882 3358 possumus

603 3398 900 3475 accipere.

471 3513 557 3577 25
760 3515 793 3561 Ἴ
836 3514 956 3576 Sed
993 3515 1069 3575 ad
1104 3515 1346 3576 titulum
1388 3514 1746 3574 intentionis
1786 3514 1969 3576 huius
2023 3521 2440 3591 revertenteS,
2479 3512 2737 3574 dicimus
2773 3514 2881 3574 cir-

606 3632 804 3692 culum
837 3639 1017 3708 atque
1047 3632 1370 3711 sphaeram
1399 3630 1652 3691 alteram
1689 3631 1806 3691 sibi
1849 3632 2164 3707 aequalem
2198 3631 2260 3690 in
2294 3639 2519 3709 puncto
2556 3630 2878 3708 attingere.

607 3753 796 3830 Atqui
825 3753 913 3811 ita
945 3752 1152 3830 puncti
1189 3761 1251 3811 et
1286 3757 1600 3811 contactus
1632 3749 1713 3810 ad
1747 3758 2033 3827 punctum
2068 3750 2264 3827 adque
2302 3758 2645 3811 contactum
2682 3750 2881 3810 analo-

603 3871 765 3948 giam
801 3870 1104 3947 quandam
1141 3869 1459 3948 concipere
1495 3875 1763 3946 oportet,
1796 3866 2299 3943 quemadmodum
2335 3875 2397 3927 et
2439 3866 2879 3944 magnitudinis

605 3988 783 4048 unius
818 3986 1028 4047 circuli
1062 3993 1243 4062 atque
1277 3986 1445 4062 globi
1475 3984 1553 4044 ad
1587 3984 1846 4045 alterum
1883 4003 2020 4044 esse
2054 3992 2311 4044 constat.

729 4244 761 4293 2
795 4242 1077 4304 Quoniam
1111 4242 1198 4306 (ut
1217 4270 1272 4279 —
1292 4243 1401 4304 est)
1428 4238 1795 4290 manifestum
1821 4251 2000 4288 unum
2126 4238 2158 4286 6
2191 4235 2697 4302 circumponantur
2730 4236 2884 4286 Hinc

874 4656 1026 4697 Bssuxl
1063 4657 1171 4707 ΟΜ).
1197 4660 1276 4698 tae.
1303 4659 1339 4708 1,
1363 4661 1405 4698 3.
2508 4660 2559 4698 :30
