3738 5268
867 503 984 560 286
1464 518 1742 563 mamm
1781 517 1984 563 anm
2028 516 2117 562 nn
2158 515 2425 577 mmmm,
2472 513 2558 559 1v.

1370 758 1488 806 Quid
1535 762 1773 809 rectum,
1818 759 2076 809 planum,
2120 769 2329 808 curvum,
2377 766 2646 797 convexum.

863 914 1203 980 Rectum
1243 915 1426 980 inter
1460 915 1772 1001 geminos
1811 914 2287 1000 quodcumque
2319 899 2793 1000 est’perbreve
2830 913 3030 996 fineS‚
3096 940 3150 978 35

867 1030 1208 1097 Planum
1249 1032 1430 1117 quod
1467 1031 1672 1097 rectis
1711 1031 1991 1098 finitum
2030 1037 2134 1096 est
2171 1029 2479 1116 undique
2519 1028 2756 1115 signis.

1206 1235 1324 1283 Quid
1366 1234 1656 1286 pax-allelu
1700 1239 1848 1287 recta,
1895 1234 2153 1284 circularia,
2194 1233 2342 1285 orbis,
2386 1236 2433 1274 ct
2474 1232 2613 1284 plana
2650 1232 2814 1283 pau-an.

775 1390 818 1454 5
868 1389 1055 1468 Quae
1092 1412 1314 1475 neque
1355 1389 1703 1455 concurrit
1740 1411 1961 1475 neque
1998 1394 2156 1475 post
2195 1394 2633 1454 concurreret
2672 1392 2900 1471 aucta,

865 1505 1038 1571 Dico
1077 1506 1599 1590 Parallelam,
1650 1529 1691 1571 a
1729 1512 1966 1570 centro
2003 1504 2399 1592 pariterque
2437 1511 2791 1569 remotam.

1499 1707 1617 1755 Quid
1661 1707 1906 1757 angulus
1951 1707 2205 1757 punctualis
2248 1710 2293 1746 et
2336 1707 2534 1747 linealis.

865 1861 986 1924 An
999 1861 1237 1945 gulus
1277 1866 1380 1924 est
1420 1859 1639 1925 coitus
1676 1860 1952 1925 filorum
1989 1860 2101 1925 vel
2138 1858 2468 1925 facierum

866 1975 1188 2062 Corporis
1227 1982 1348 2040 aut
1385 1975 1603 2062 plani,
1643 1981 1723 2041 ut
1762 1982 1925 2040 sunt
1962 1975 2297 2041 inclinata
2335 1975 2662 2040 vicissim.

733 2147 817 2210 10
1281 2175 1399 2222 Quid
1444 2175 1686 2225 angulus
1731 2177 1947 2225 rcctuS,
1994 2176 2151 2216 linea
2194 2176 2599 2226 perpendicul.
2645 2180 2732 2216 etc.

866 2329 1241 2416 Angulus
1288 2338 1391 2396 est
1438 2339 1709 2397 rectus
1757 2332 1815 2397 si
1852 2355 2060 2419 supra
2098 2332 2532 2398 consimilare

867 2445 1173 2512 Curvum
1211 2445 1320 2511 vel
1356 2448 1641 2533 planum
1682 2447 2012 2514 iniectum
2051 2448 2493 2535 suspenditur
2530 2471 2763 2534 aeque.

1526 2648 1646 2695 Quid
1689 2649 1880 2697 angulus
1923 2649 2159 2689 obtusus
2206 2653 2250 2689 ct
2294 2654 2507 2690 acutus.

862 2800 1024 2886 Hic,
1069 2824 1270 2886 quem
1307 2800 1660 2868 declinans
1696 2802 1954 2888 linquit
1993 2802 2610 2889 perpendiculariS,

735 2924 815 2986 15
863 2917 1140 2982 Dicitur
1186 2940 1224 2983 o
1237 2918 1281 2983 b
1294 2925 1323 2982 t
1338 2941 1378 2983 u
1393 2941 1424 2983 s
1437 2940 1480 2982 u
1493 2942 1524 2983 s
1548 2942 1561 3001 ;
1606 2918 1850 3004 cuique
1890 2918 2293 3003 inclinatur,
2335 2943 2373 2984 a
2386 2942 2422 2985 c
2434 2927 2517 2984 ut
2539 2943 2583 2985 u
2595 2944 2644 2984 S.

1826 3122 1946 3170 Quid
1988 3123 2197 3172 figura.

863 3273 1010 3339 Aut
1050 3294 1260 3339 curvo
1300 3278 1419 3339 aut
1457 3273 1824 3359 plusquam
1860 3274 2159 3359 geminis
2198 3276 2573 3363 spectabile
2610 3277 2845 3361 rectiS‚

863 3389 1190 3477 Corporis
1230 3396 1351 3456 aut
1386 3390 1581 3477 plani
1621 3392 2050 3478 comprensio
2089 3400 2274 3458 certa
2323 3393 2597 3479 figura
2645 3402 2767 3459 est.

1826 3589 1945 3636 Qum
1989 3601 2204 3639 gnomo.

730 3743 819 3806 20
865 3730 1015 3808 Quo
1055 3731 1322 3797 adiecto
1360 3732 1434 3797 in
1474 3732 1767 3797 similem
1806 3732 2101 3800 formam
2140 3743 2243 3801 est
2281 3743 2570 3803 exaucta
2609 3736 2863 3825 figura,

865 3847 1014 3912 Aut
1050 3848 1330 3934 dempto
1370 3856 1473 3914 est
1511 3849 1775 3935 eadem,
1816 3872 2106 3937 gnomo
2152 3854 2544 3938 generalius
2583 3861 2750 3920 esto,

1795 4051 1915 4099 Quid
1958 4053 2224 4095 circulum

867 4196 1243 4262 Circulus
1292 4205 1394 4262 est
1431 4198 1747 4284 planum,
1791 4199 1984 4264 cuius
2024 4222 2141 4266 ora
2180 4200 2487 4288 undique
2526 4203 2868 4290 adaequat

866 4311 928 4375 A
971 4319 1207 4376 centro
1246 4311 1475 4376 radios
1513 4334 1638 4399 per
1678 4320 1989 4379 centrum
2030 4315 2485 4384 dimetientes.

1055 4521 1115 4568 12
1149 4522 1400 4568 inectum
1531 4520 1692 4568 17.1·<3
1724 4520 1900 4570 rectis
1932 4523 2229 4589 Corporis»,

3092 2003 3145 2039 40

3096 3306 3149 3345 45

3154 2179 3235 2239 p.
3273 2164 3476 2226 14¹?
