<?xml version="1.0" encoding="UTF-8"?>
<!DOCTYPE html PUBLIC "-//W3C//DTD XHTML 1.0 Transitional//EN"
    "http://www.w3.org/TR/xhtml1/DTD/xhtml1-transitional.dtd">
<html xmlns="http://www.w3.org/1999/xhtml" xml:lang="en" lang="en">
 <head>
  <title>
</title>
<meta http-equiv="Content-Type" content="text/html;charset=utf-8" />
  <meta name='ocr-system' content='tesseract 3.04.00' />
  <meta name='ocr-capabilities' content='ocr_page ocr_carea ocr_par ocr_line ocrx_word'/>
</head>
<body>
  <div class='ocr_page' id='page_1' title='image "./jordanibruninol00tallgoog_0209.png"; bbox 0 0 3738 5268; ppageno 0'>
   <div class='ocr_carea' id='block_1_1' title="bbox 1370 472 2909 531">
    <p class='ocr_par' dir='ltr' id='par_1_1' title="bbox 1370 472 2909 531">
     <span class='ocr_line' id='line_1_1' title="bbox 1370 472 2909 531; baseline 0 -2"><span class='ocrx_word' id='word_1_1' title='bbox 1370 485 1461 529; x_wconf 71' lang='lat' dir='ltr'>nn</span> <span class='ocrx_word' id='word_1_2' title='bbox 1500 483 1723 529; x_wconf 73' lang='lat' dir='ltr'>mmm</span> <span class='ocrx_word' id='word_1_3' title='bbox 1766 483 2179 528; x_wconf 51' lang='lat' dir='ltr'>lenm-minti.</span> <span class='ocrx_word' id='word_1_4' title='bbox 2799 472 2909 531; x_wconf 79' lang='lat'>185</span> 
     </span>
    </p>
   </div>
   <div class='ocr_carea' id='block_1_2' title="bbox 472 638 3191 4148">
    <p class='ocr_par' dir='ltr' id='par_1_2' title="bbox 627 638 2910 951">
     <span class='ocr_line' id='line_1_2' title="bbox 628 638 2909 722; baseline 0.003 -25"><span class='ocrx_word' id='word_1_5' title='bbox 628 638 892 716; x_wconf 89' lang='lat' dir='ltr'>partium</span> <span class='ocrx_word' id='word_1_6' title='bbox 921 639 1289 717; x_wconf 86' lang='lat' dir='ltr'>adiectione,</span> <span class='ocrx_word' id='word_1_7' title='bbox 1326 660 1467 700; x_wconf 84' lang='lat' dir='ltr'>mox</span> <span class='ocrx_word' id='word_1_8' title='bbox 1499 640 1790 718; x_wconf 88' lang='lat' dir='ltr'>quinque,</span> <span class='ocrx_word' id='word_1_9' title='bbox 1828 638 2049 700; x_wconf 90' lang='lat' dir='ltr'>deinde</span> <span class='ocrx_word' id='word_1_10' title='bbox 2100 647 2360 718; x_wconf 85' lang='lat' dir='ltr'>septem,</span> <span class='ocrx_word' id='word_1_11' title='bbox 2406 651 2467 701; x_wconf 90' lang='lat' dir='ltr'>et</span> <span class='ocrx_word' id='word_1_12' title='bbox 2517 640 2605 701; x_wconf 91' lang='lat' dir='ltr'>ita</span> <span class='ocrx_word' id='word_1_13' title='bbox 2663 663 2909 722; x_wconf 86' lang='lat' dir='ltr'>semper</span> 
     </span>
     <span class='ocr_line' id='line_1_3' title="bbox 627 755 2910 838; baseline 0.003 -24"><span class='ocrx_word' id='word_1_14' title='bbox 627 755 947 834; x_wconf 88' lang='lat' dir='ltr'>imparium</span> <span class='ocrx_word' id='word_1_15' title='bbox 982 775 1092 817; x_wconf 91' lang='lat' dir='ltr'>suo</span> <span class='ocrx_word' id='word_1_16' title='bbox 1130 756 1344 817; x_wconf 89' lang='lat' dir='ltr'>ordine</span> <span class='ocrx_word' id='word_1_17' title='bbox 1390 756 1845 817; x_wconf 78' lang='lat' dir='ltr'><strong>succedentium</strong></span> <span class='ocrx_word' id='word_1_18' title='bbox 1900 757 2061 817; x_wconf 91' lang='lat' dir='ltr'>serie</span> <span class='ocrx_word' id='word_1_19' title='bbox 2096 759 2262 835; x_wconf 87' lang='lat' dir='ltr'>capit</span> <span class='ocrx_word' id='word_1_20' title='bbox 2292 765 2709 838; x_wconf 76' lang='lat' dir='ltr'>augmentum,</span> <span class='ocrx_word' id='word_1_21' title='bbox 2748 759 2910 821; x_wconf 83' lang='lat' dir='ltr'>sicut</span> 
     </span>
     <span class='ocr_line' id='line_1_4' title="bbox 628 873 2035 951; baseline 0.001 -17"><span class='ocrx_word' id='word_1_22' title='bbox 628 873 813 934; x_wconf 87' lang='lat' dir='ltr'>etiam</span> <span class='ocrx_word' id='word_1_23' title='bbox 848 881 911 934; x_wconf 91' lang='lat' dir='ltr'>et</span> <span class='ocrx_word' id='word_1_24' title='bbox 943 893 1054 935; x_wconf 91' lang='lat' dir='ltr'>suo</span> <span class='ocrx_word' id='word_1_25' title='bbox 1088 874 1351 951; x_wconf 90' lang='lat' dir='ltr'>quodam</span> <span class='ocrx_word' id='word_1_26' title='bbox 1384 874 1565 935; x_wconf 88' lang='lat' dir='ltr'>modo</span> <span class='ocrx_word' id='word_1_27' title='bbox 1601 874 2035 936; x_wconf 68' lang='lat' dir='ltr'>semicirculus</span> 
     </span>
    </p>

    <p class='ocr_par' dir='ltr' id='par_1_3' title="bbox 784 993 2906 1074">
     <span class='ocr_line' id='line_1_5' title="bbox 784 993 2906 1074; baseline 0.001 -21"><span class='ocrx_word' id='word_1_28' title='bbox 784 1006 820 1053; x_wconf 69' lang='grc' dir='ltr'>ἹΙ</span> <span class='ocrx_word' id='word_1_29' title='bbox 856 996 947 1055; x_wconf 87' lang='grc'>19.</span> <span class='ocrx_word' id='word_1_30' title='bbox 990 995 1073 1055; x_wconf 86' lang='lat' dir='ltr'>Et</span> <span class='ocrx_word' id='word_1_31' title='bbox 1101 993 1243 1055; x_wconf 92' lang='lat' dir='ltr'>hinc</span> <span class='ocrx_word' id='word_1_32' title='bbox 1269 1013 1392 1055; x_wconf 93' lang='lat' dir='ltr'>non</span> <span class='ocrx_word' id='word_1_33' title='bbox 1425 993 1624 1055; x_wconf 88' lang='lat' dir='ltr'>solum</span> <span class='ocrx_word' id='word_1_34' title='bbox 1648 994 1725 1054; x_wconf 90' lang='lat' dir='ltr'>ad</span> <span class='ocrx_word' id='word_1_35' title='bbox 1759 995 2325 1074; x_wconf 76' lang='lat' dir='ltr'>proportionalium,</span> <span class='ocrx_word' id='word_1_36' title='bbox 2351 996 2459 1055; x_wconf 87' lang='lat' dir='ltr'>sed</span> <span class='ocrx_word' id='word_1_37' title='bbox 2484 996 2669 1056; x_wconf 83' lang='lat' dir='ltr'>etiam</span> <span class='ocrx_word' id='word_1_38' title='bbox 2699 997 2906 1057; x_wconf 89' lang='lat' dir='ltr'>verius</span> 
     </span>
    </p>

    <p class='ocr_par' dir='ltr' id='par_1_4' title="bbox 536 1106 2905 1307">
     <span class='ocr_line' id='line_1_6' title="bbox 536 1106 2905 1193; baseline 0.002 -22"><span class='ocrx_word' id='word_1_39' title='bbox 536 1106 579 1171; x_wconf 84' lang='lat'>5</span> <span class='ocrx_word' id='word_1_40' title='bbox 623 1112 1031 1172; x_wconf 89' lang='lat' dir='ltr'>mensurando</span> <span class='ocrx_word' id='word_1_41' title='bbox 1085 1112 1164 1173; x_wconf 89' lang='lat' dir='ltr'>ad</span> <span class='ocrx_word' id='word_1_42' title='bbox 1228 1113 1573 1191; x_wconf 83' lang='lat' dir='ltr'>aequalium</span> <span class='ocrx_word' id='word_1_43' title='bbox 1627 1113 1894 1192; x_wconf 87' lang='lat' dir='ltr'>partium</span> <span class='ocrx_word' id='word_1_44' title='bbox 1955 1114 2557 1192; x_wconf 81' lang='lat' dir='ltr'>comprehensionem</span> <span class='ocrx_word' id='word_1_45' title='bbox 2609 1114 2905 1193; x_wconf 83' lang='lat' dir='ltr'>perfacile</span> 
     </span>
     <span class='ocr_line' id='line_1_7' title="bbox 624 1228 1485 1307; baseline 0.002 -19"><span class='ocrx_word' id='word_1_46' title='bbox 624 1228 1004 1307; x_wconf 83' lang='lat' dir='ltr'>captabimus</span> <span class='ocrx_word' id='word_1_47' title='bbox 1041 1228 1485 1290; x_wconf 82' lang='lat' dir='ltr'>documentum.</span> 
     </span>
    </p>

    <p class='ocr_par' dir='ltr' id='par_1_5' title="bbox 619 1345 2905 1667">
     <span class='ocr_line' id='line_1_8' title="bbox 781 1345 2904 1429; baseline 0 -22"><span class='ocrx_word' id='word_1_48' title='bbox 781 1368 816 1416; x_wconf 71' lang='lat' dir='ltr'>‘J</span> <span class='ocrx_word' id='word_1_49' title='bbox 857 1349 951 1408; x_wconf 82' lang='lat'>23.</span> <span class='ocrx_word' id='word_1_50' title='bbox 983 1345 1294 1408; x_wconf 88' lang='lat' dir='ltr'>Differens</span> <span class='ocrx_word' id='word_1_51' title='bbox 1325 1369 1474 1411; x_wconf 87' lang='lat' dir='ltr'>vero</span> <span class='ocrx_word' id='word_1_52' title='bbox 1510 1349 1627 1409; x_wconf 89' lang='lat' dir='ltr'>hoc</span> <span class='ocrx_word' id='word_1_53' title='bbox 1661 1369 1815 1429; x_wconf 90' lang='lat' dir='ltr'>opus</span> <span class='ocrx_word' id='word_1_54' title='bbox 1858 1355 1957 1409; x_wconf 91' lang='lat' dir='ltr'>est</span> <span class='ocrx_word' id='word_1_55' title='bbox 1988 1348 2047 1408; x_wconf 89' lang='lat' dir='ltr'>in</span> <span class='ocrx_word' id='word_1_56' title='bbox 2086 1349 2542 1428; x_wconf 88' lang='lat' dir='ltr'>sphaericorum</span> <span class='ocrx_word' id='word_1_57' title='bbox 2571 1348 2650 1408; x_wconf 89' lang='lat' dir='ltr'>ad</span> <span class='ocrx_word' id='word_1_58' title='bbox 2685 1347 2904 1427; x_wconf 89' lang='lat' dir='ltr'>sphae-</span> 
     </span>
     <span class='ocr_line' id='line_1_9' title="bbox 619 1441 2905 1548; baseline 0.001 -22"><span class='ocrx_word' id='word_1_59' title='bbox 619 1467 774 1546; x_wconf 83' lang='lat' dir='ltr'>rica,</span> <span class='ocrx_word' id='word_1_60' title='bbox 810 1474 875 1527; x_wconf 92' lang='lat' dir='ltr'>et</span> <span class='ocrx_word' id='word_1_61' title='bbox 907 1468 1227 1547; x_wconf 89' lang='lat' dir='ltr'>planorum</span> <span class='ocrx_word' id='word_1_62' title='bbox 1262 1469 1342 1528; x_wconf 85' lang='lat' dir='ltr'>ad</span> <span class='ocrx_word' id='word_1_63' title='bbox 1374 1468 1558 1548; x_wconf 89' lang='lat' dir='ltr'>plana</span> <span class='ocrx_word' id='word_1_64' title='bbox 1593 1467 1969 1544; x_wconf 88' lang='lat' dir='ltr'>adiectione;</span> <span class='ocrx_word' id='word_1_65' title='bbox 2000 1466 2488 1545; x_wconf 88' lang='lat' dir='ltr'>quandoquidem</span> <span class='ocrx_word' id='word_1_66' title='bbox 2520 1467 2583 1527; x_wconf 92' lang='lat' dir='ltr'>in</span> <span class='ocrx_word' id='word_1_67' title='bbox 2615 1441 2741 1528; x_wconf 77' lang='lat' dir='ltr'>illis</span> <span class='ocrx_word' id='word_1_68' title='bbox 2772 1490 2905 1547; x_wconf 87' lang='lat' dir='ltr'>par-</span> 
     </span>
     <span class='ocr_line' id='line_1_10' title="bbox 619 1576 2904 1667; baseline 0 -22"><span class='ocrx_word' id='word_1_69' title='bbox 619 1587 771 1646; x_wconf 90' lang='lat' dir='ltr'>tium</span> <span class='ocrx_word' id='word_1_70' title='bbox 801 1585 972 1646; x_wconf 83' lang='lat' dir='ltr'>iuxta</span> <span class='ocrx_word' id='word_1_71' title='bbox 997 1586 1326 1663; x_wconf 83' lang='lat' dir='ltr'>geminam,</span> <span class='ocrx_word' id='word_1_72' title='bbox 1359 1586 1424 1645; x_wconf 90' lang='lat' dir='ltr'>in</span> <span class='ocrx_word' id='word_1_73' title='bbox 1454 1586 1596 1647; x_wconf 90' lang='lat' dir='ltr'>istis</span> <span class='ocrx_word' id='word_1_74' title='bbox 1630 1606 1776 1647; x_wconf 88' lang='lat' dir='ltr'>vero</span> <span class='ocrx_word' id='word_1_75' title='bbox 1814 1576 2155 1667; x_wconf 82' lang='lat' dir='ltr'>simplicem</span> <span class='ocrx_word' id='word_1_76' title='bbox 2183 1586 2417 1664; x_wconf 85' lang='lat' dir='ltr'>figurae</span> <span class='ocrx_word' id='word_1_77' title='bbox 2455 1588 2727 1664; x_wconf 89' lang='lat' dir='ltr'>speciem</span> <span class='ocrx_word' id='word_1_78' title='bbox 2762 1607 2904 1647; x_wconf 89' lang='lat' dir='ltr'>con-</span> 
     </span>
    </p>

    <p class='ocr_par' dir='ltr' id='par_1_6' title="bbox 489 1706 2901 2240">
     <span class='ocr_line' id='line_1_11' title="bbox 489 1706 2901 1786; baseline -0.001 -18"><span class='ocrx_word' id='word_1_79' title='bbox 489 1706 574 1770; x_wconf 88' lang='lat'>10</span> <span class='ocrx_word' id='word_1_80' title='bbox 618 1706 1050 1768; x_wconf 84' lang='lat' dir='ltr'>siderationem</span> <span class='ocrx_word' id='word_1_81' title='bbox 1085 1706 1314 1767; x_wconf 88' lang='lat' dir='ltr'>habere</span> <span class='ocrx_word' id='word_1_82' title='bbox 1349 1727 1502 1786; x_wconf 89' lang='lat' dir='ltr'>opus</span> <span class='ocrx_word' id='word_1_83' title='bbox 1538 1714 1652 1768; x_wconf 90' lang='lat' dir='ltr'>est.</span> <span class='ocrx_word' id='word_1_84' title='bbox 1687 1707 2070 1767; x_wconf 88' lang='lat' dir='ltr'>Ponentibus</span> <span class='ocrx_word' id='word_1_85' title='bbox 2113 1707 2271 1767; x_wconf 92' lang='lat' dir='ltr'>enim</span> <span class='ocrx_word' id='word_1_86' title='bbox 2315 1706 2612 1767; x_wconf 86' lang='lat' dir='ltr'>rotundas</span> <span class='ocrx_word' id='word_1_87' title='bbox 2664 1713 2901 1766; x_wconf 80' lang='lat' dir='ltr'>atomos</span> 
     </span>
     <span class='ocr_line' id='line_1_12' title="bbox 619 1822 2901 1903; baseline 0 -21"><span class='ocrx_word' id='word_1_88' title='bbox 619 1823 987 1902; x_wconf 83' lang='lat' dir='ltr'>ineffugibili</span> <span class='ocrx_word' id='word_1_89' title='bbox 1017 1824 1391 1885; x_wconf 84' lang='lat' dir='ltr'>necessitate</span> <span class='ocrx_word' id='word_1_90' title='bbox 1426 1822 1650 1884; x_wconf 85' lang='lat' dir='ltr'>accidit</span> <span class='ocrx_word' id='word_1_91' title='bbox 1683 1843 1939 1884; x_wconf 86' lang='lat' dir='ltr'>vacuum</span> <span class='ocrx_word' id='word_1_92' title='bbox 1960 1830 2088 1884; x_wconf 89' lang='lat' dir='ltr'>tum</span> <span class='ocrx_word' id='word_1_93' title='bbox 2110 1824 2290 1903; x_wconf 89' lang='lat' dir='ltr'>pleno</span> <span class='ocrx_word' id='word_1_94' title='bbox 2326 1824 2736 1900; x_wconf 86' lang='lat' dir='ltr'>interiectum,</span> <span class='ocrx_word' id='word_1_95' title='bbox 2772 1832 2901 1884; x_wconf 91' lang='lat' dir='ltr'>tum</span> 
     </span>
     <span class='ocr_line' id='line_1_13' title="bbox 620 1939 2897 2020; baseline -0 -20"><span class='ocrx_word' id='word_1_96' title='bbox 620 1947 682 2000; x_wconf 90' lang='lat' dir='ltr'>et</span> <span class='ocrx_word' id='word_1_97' title='bbox 717 1947 1013 2020; x_wconf 89' lang='lat' dir='ltr'>perpetuo</span> <span class='ocrx_word' id='word_1_98' title='bbox 1048 1960 1158 2018; x_wconf 89' lang='lat' dir='ltr'>pro</span> <span class='ocrx_word' id='word_1_99' title='bbox 1213 1959 1332 1999; x_wconf 88' lang='lat' dir='ltr'>una</span> <span class='ocrx_word' id='word_1_100' title='bbox 1365 1939 1692 2019; x_wconf 89' lang='lat' dir='ltr'>superficie</span> <span class='ocrx_word' id='word_1_101' title='bbox 1727 1941 2014 2000; x_wconf 89' lang='lat' dir='ltr'>continua</span> <span class='ocrx_word' id='word_1_102' title='bbox 2060 1960 2319 2019; x_wconf 88' lang='lat' dir='ltr'>magnae</span> <span class='ocrx_word' id='word_1_103' title='bbox 2355 1940 2658 2020; x_wconf 88' lang='lat' dir='ltr'>sphaerae</span> <span class='ocrx_word' id='word_1_104' title='bbox 2688 1960 2897 2019; x_wconf 88' lang='lat' dir='ltr'>super·</span> 
     </span>
     <span class='ocr_line' id='line_1_14' title="bbox 619 2060 2895 2139; baseline 0 -19"><span class='ocrx_word' id='word_1_105' title='bbox 619 2060 895 2122; x_wconf 88' lang='lat' dir='ltr'>ducenda</span> <span class='ocrx_word' id='word_1_106' title='bbox 949 2067 1123 2121; x_wconf 84' lang='lat' dir='ltr'>extra</span> <span class='ocrx_word' id='word_1_107' title='bbox 1172 2061 1493 2138; x_wconf 86' lang='lat' dir='ltr'>globorum</span> <span class='ocrx_word' id='word_1_108' title='bbox 1544 2060 1957 2139; x_wconf 85' lang='lat' dir='ltr'>superficiem,</span> <span class='ocrx_word' id='word_1_109' title='bbox 2010 2066 2079 2120; x_wconf 92' lang='lat' dir='ltr'>ut</span> <span class='ocrx_word' id='word_1_110' title='bbox 2134 2067 2307 2120; x_wconf 83' lang='lat' dir='ltr'>extra</span> <span class='ocrx_word' id='word_1_111' title='bbox 2350 2060 2589 2121; x_wconf 89' lang='lat' dir='ltr'>telluris</span> <span class='ocrx_word' id='word_1_112' title='bbox 2646 2078 2895 2139; x_wconf 81' lang='lat' dir='ltr'>corpuS,</span> 
     </span>
     <span class='ocr_line' id='line_1_15' title="bbox 618 2178 1096 2240; baseline -0.006 0"><span class='ocrx_word' id='word_1_113' title='bbox 618 2198 755 2240; x_wconf 86' lang='lat' dir='ltr'>esse</span> <span class='ocrx_word' id='word_1_114' title='bbox 789 2178 1096 2239; x_wconf 84' lang='lat' dir='ltr'>diffusum.</span> 
     </span>
    </p>

    <p class='ocr_par' dir='ltr' id='par_1_7' title="bbox 483 2295 3191 2852">
     <span class='ocr_line' id='line_1_16' title="bbox 483 2295 2892 2375; baseline -0 -16"><span class='ocrx_word' id='word_1_115' title='bbox 483 2295 566 2359; x_wconf 77' lang='lat'>15</span> <span class='ocrx_word' id='word_1_116' title='bbox 773 2313 805 2360; x_wconf 72' lang='lat' dir='ltr'>*fi</span> <span class='ocrx_word' id='word_1_117' title='bbox 840 2300 934 2358; x_wconf 87' lang='lat'>30.</span> <span class='ocrx_word' id='word_1_118' title='bbox 971 2298 1046 2357; x_wconf 93' lang='lat' dir='ltr'>In</span> <span class='ocrx_word' id='word_1_119' title='bbox 1082 2296 1261 2375; x_wconf 85' lang='lat' dir='ltr'>plano</span> <span class='ocrx_word' id='word_1_120' title='bbox 1305 2296 1436 2357; x_wconf 89' lang='lat' dir='ltr'>eius</span> <span class='ocrx_word' id='word_1_121' title='bbox 1468 2295 1557 2356; x_wconf 91' lang='lat' dir='ltr'>rei</span> <span class='ocrx_word' id='word_1_122' title='bbox 1593 2295 1869 2356; x_wconf 87' lang='lat' dir='ltr'>ordinem</span> <span class='ocrx_word' id='word_1_123' title='bbox 1897 2297 2233 2358; x_wconf 89' lang='lat' dir='ltr'>Democriti</span> <span class='ocrx_word' id='word_1_124' title='bbox 2264 2318 2406 2358; x_wconf 89' lang='lat' dir='ltr'>area</span> <span class='ocrx_word' id='word_1_125' title='bbox 2436 2304 2892 2375; x_wconf 86' lang='lat' dir='ltr'>commonstrat,</span> 
     </span>
     <span class='ocr_line' id='line_1_17' title="bbox 610 2414 2894 2495; baseline -0.001 -17"><span class='ocrx_word' id='word_1_126' title='bbox 610 2416 714 2478; x_wconf 92' lang='lat' dir='ltr'>ubi</span> <span class='ocrx_word' id='word_1_127' title='bbox 753 2417 818 2476; x_wconf 92' lang='lat' dir='ltr'>in</span> <span class='ocrx_word' id='word_1_128' title='bbox 850 2415 1209 2493; x_wconf 81' lang='lat' dir='ltr'>exangulam</span> <span class='ocrx_word' id='word_1_129' title='bbox 1253 2414 1450 2492; x_wconf 86' lang='lat' dir='ltr'>figura</span> <span class='ocrx_word' id='word_1_130' title='bbox 1483 2434 1734 2475; x_wconf 90' lang='lat' dir='ltr'>numero</span> <span class='ocrx_word' id='word_1_131' title='bbox 1771 2436 2039 2493; x_wconf 86' lang='lat' dir='ltr'>congruo</span> <span class='ocrx_word' id='word_1_132' title='bbox 2076 2436 2262 2495; x_wconf 89' lang='lat' dir='ltr'>super</span> <span class='ocrx_word' id='word_1_133' title='bbox 2306 2436 2618 2476; x_wconf 87' lang='lat' dir='ltr'>numerum</span> <span class='ocrx_word' id='word_1_134' title='bbox 2653 2414 2894 2475; x_wconf 79' lang='lat' dir='ltr'>adiecto</span> 
     </span>
     <span class='ocr_line' id='line_1_18' title="bbox 613 2533 2897 2614; baseline -0.003 -16"><span class='ocrx_word' id='word_1_135' title='bbox 613 2534 962 2614; x_wconf 83' lang='lat' dir='ltr'>consurgit,</span> <span class='ocrx_word' id='word_1_136' title='bbox 1005 2543 1312 2610; x_wconf 88' lang='lat' dir='ltr'>tamquam</span> <span class='ocrx_word' id='word_1_137' title='bbox 1344 2554 1465 2594; x_wconf 85' lang='lat' dir='ltr'>una</span> <span class='ocrx_word' id='word_1_138' title='bbox 1497 2533 1759 2610; x_wconf 83' lang='lat' dir='ltr'>singulis</span> <span class='ocrx_word' id='word_1_139' title='bbox 1795 2534 2055 2595; x_wconf 86' lang='lat' dir='ltr'>laterum</span> <span class='ocrx_word' id='word_1_140' title='bbox 2090 2542 2264 2613; x_wconf 86' lang='lat' dir='ltr'>parte</span> <span class='ocrx_word' id='word_1_141' title='bbox 2300 2534 2720 2595; x_wconf 86' lang='lat' dir='ltr'>crescentibus</span> <span class='ocrx_word' id='word_1_142' title='bbox 2763 2552 2897 2592; x_wconf 93' lang='lat' dir='ltr'>con-</span> 
     </span>
     <span class='ocr_line' id='line_1_19' title="bbox 612 2650 3191 2735; baseline -0.002 -20"><span class='ocrx_word' id='word_1_143' title='bbox 612 2657 779 2715; x_wconf 88' lang='lat' dir='ltr'>tinuo</span> <span class='ocrx_word' id='word_1_144' title='bbox 826 2653 1036 2714; x_wconf 88' lang='lat' dir='ltr'>ordine</span> <span class='ocrx_word' id='word_1_145' title='bbox 1079 2652 1415 2714; x_wconf 89' lang='lat' dir='ltr'>concrescit</span> <span class='ocrx_word' id='word_1_146' title='bbox 1448 2651 1789 2727; x_wconf 78' lang='lat' dir='ltr'>minimum3</span> <span class='ocrx_word' id='word_1_147' title='bbox 1833 2652 1938 2713; x_wconf 91' lang='lat' dir='ltr'>ubi</span> <span class='ocrx_word' id='word_1_148' title='bbox 1968 2652 2018 2712; x_wconf 94' lang='lat' dir='ltr'>si</span> <span class='ocrx_word' id='word_1_149' title='bbox 2047 2651 2257 2732; x_wconf 87' lang='lat' dir='ltr'>cupias</span> <span class='ocrx_word' id='word_1_150' title='bbox 2292 2672 2477 2730; x_wconf 92' lang='lat' dir='ltr'>super</span> <span class='ocrx_word' id='word_1_151' title='bbox 2519 2650 2769 2735; x_wconf 66' lang='lat' dir='ltr'>addilta</span> <span class='ocrx_word' id='word_1_152' title='bbox 2797 2670 2896 2730; x_wconf 86' lang='lat' dir='ltr'>pe·</span> <span class='ocrx_word' id='word_1_153' title='bbox 2941 2670 3023 2731; x_wconf 83' lang='lat' dir='ltr'>p.</span> <span class='ocrx_word' id='word_1_154' title='bbox 3051 2656 3191 2720; x_wconf 82' lang='grc'>53</span> 
     </span>
     <span class='ocr_line' id='line_1_20' title="bbox 608 2768 2891 2852; baseline -0.002 -19"><span class='ocrx_word' id='word_1_155' title='bbox 608 2772 880 2852; x_wconf 89' lang='lat' dir='ltr'>ripheria</span> <span class='ocrx_word' id='word_1_156' title='bbox 940 2792 1199 2832; x_wconf 89' lang='lat' dir='ltr'>vacuum</span> <span class='ocrx_word' id='word_1_157' title='bbox 1254 2791 1390 2831; x_wconf 90' lang='lat' dir='ltr'>cum</span> <span class='ocrx_word' id='word_1_158' title='bbox 1451 2770 1631 2849; x_wconf 89' lang='lat' dir='ltr'>pleno</span> <span class='ocrx_word' id='word_1_159' title='bbox 1687 2769 2035 2849; x_wconf 80' lang='lat' dir='ltr'>exaequari,</span> <span class='ocrx_word' id='word_1_160' title='bbox 2072 2778 2403 2847; x_wconf 85' lang='lat' dir='ltr'>sequentes</span> <span class='ocrx_word' id='word_1_161' title='bbox 2454 2768 2630 2830; x_wconf 86' lang='lat' dir='ltr'>vacui</span> <span class='ocrx_word' id='word_1_162' title='bbox 2680 2775 2891 2848; x_wconf 87' lang='lat' dir='ltr'>partes</span> 
     </span>
    </p>

    <p class='ocr_par' dir='ltr' id='par_1_8' title="bbox 476 2886 2897 3443">
     <span class='ocr_line' id='line_1_21' title="bbox 476 2886 2891 2969; baseline 0 -21"><span class='ocrx_word' id='word_1_163' title='bbox 476 2886 565 2949; x_wconf 80' lang='lat'>20</span> <span class='ocrx_word' id='word_1_164' title='bbox 608 2889 1022 2967; x_wconf 86' lang='lat' dir='ltr'>triangulares</span> <span class='ocrx_word' id='word_1_165' title='bbox 1053 2909 1177 2950; x_wconf 92' lang='lat' dir='ltr'>non</span> <span class='ocrx_word' id='word_1_166' title='bbox 1207 2889 1297 2950; x_wconf 89' lang='lat' dir='ltr'>ita</span> <span class='ocrx_word' id='word_1_167' title='bbox 1328 2889 1542 2968; x_wconf 90' lang='lat' dir='ltr'>primis</span> <span class='ocrx_word' id='word_1_168' title='bbox 1576 2891 1753 2950; x_wconf 89' lang='lat' dir='ltr'>vacui</span> <span class='ocrx_word' id='word_1_169' title='bbox 1783 2890 2061 2969; x_wconf 88' lang='lat' dir='ltr'>partibus</span> <span class='ocrx_word' id='word_1_170' title='bbox 2096 2887 2430 2949; x_wconf 88' lang='lat' dir='ltr'>succedunt</span> <span class='ocrx_word' id='word_1_171' title='bbox 2463 2887 2771 2965; x_wconf 82' lang='lat' dir='ltr'>aequales,</span> <span class='ocrx_word' id='word_1_172' title='bbox 2822 2895 2891 2948; x_wconf 90' lang='lat' dir='ltr'>ut</span> 
     </span>
     <span class='ocr_line' id='line_1_22' title="bbox 609 3004 2885 3088; baseline -0.002 -19"><span class='ocrx_word' id='word_1_173' title='bbox 609 3016 673 3069; x_wconf 86' lang='lat' dir='ltr'>et</span> <span class='ocrx_word' id='word_1_174' title='bbox 706 3008 936 3087; x_wconf 81' lang='lat' dir='ltr'>circuli,</span> <span class='ocrx_word' id='word_1_175' title='bbox 972 3028 1169 3086; x_wconf 90' lang='lat' dir='ltr'>neque</span> <span class='ocrx_word' id='word_1_176' title='bbox 1204 3009 1460 3088; x_wconf 87' lang='lat' dir='ltr'>figuram</span> <span class='ocrx_word' id='word_1_177' title='bbox 1485 3008 1816 3069; x_wconf 86' lang='lat' dir='ltr'>adservant</span> <span class='ocrx_word' id='word_1_178' title='bbox 1851 3008 2103 3068; x_wconf 87' lang='lat' dir='ltr'>eandem</span> <span class='ocrx_word' id='word_1_179' title='bbox 2123 3054 2136 3080; x_wconf 93' lang='lat'>,</span> <span class='ocrx_word' id='word_1_180' title='bbox 2166 3006 2328 3085; x_wconf 91' lang='lat' dir='ltr'>quod</span> <span class='ocrx_word' id='word_1_181' title='bbox 2363 3007 2573 3085; x_wconf 89' lang='lat' dir='ltr'>procul</span> <span class='ocrx_word' id='word_1_182' title='bbox 2609 3004 2793 3066; x_wconf 89' lang='lat' dir='ltr'>dubio</span> <span class='ocrx_word' id='word_1_183' title='bbox 2822 3005 2885 3064; x_wconf 89' lang='lat' dir='ltr'>in</span> 
     </span>
     <span class='ocr_line' id='line_1_23' title="bbox 608 3125 2897 3205; baseline -0.001 -19"><span class='ocrx_word' id='word_1_184' title='bbox 608 3145 862 3205; x_wconf 90' lang='lat' dir='ltr'>corpore</span> <span class='ocrx_word' id='word_1_185' title='bbox 897 3126 1215 3205; x_wconf 90' lang='lat' dir='ltr'>sphaerico</span> <span class='ocrx_word' id='word_1_186' title='bbox 1238 3147 1362 3187; x_wconf 91' lang='lat' dir='ltr'>non</span> <span class='ocrx_word' id='word_1_187' title='bbox 1383 3126 1691 3187; x_wconf 87' lang='lat' dir='ltr'>accideret</span> <span class='ocrx_word' id='word_1_188' title='bbox 1713 3145 1908 3203; x_wconf 90' lang='lat' dir='ltr'>neque</span> <span class='ocrx_word' id='word_1_189' title='bbox 1931 3126 1992 3185; x_wconf 93' lang='lat' dir='ltr'>in</span> <span class='ocrx_word' id='word_1_190' title='bbox 2025 3126 2305 3186; x_wconf 87' lang='lat' dir='ltr'>incavam</span> <span class='ocrx_word' id='word_1_191' title='bbox 2340 3125 2727 3204; x_wconf 89' lang='lat' dir='ltr'>superficiem</span> <span class='ocrx_word' id='word_1_192' title='bbox 2763 3146 2897 3202; x_wconf 86' lang='lat' dir='ltr'>par-</span> 
     </span>
     <span class='ocr_line' id='line_1_24' title="bbox 604 3245 2890 3325; baseline 0 -19"><span class='ocrx_word' id='word_1_193' title='bbox 604 3247 770 3308; x_wconf 91' lang='lat' dir='ltr'>tibus</span> <span class='ocrx_word' id='word_1_194' title='bbox 803 3245 1244 3325; x_wconf 81' lang='lat' dir='ltr'>multiplicatis,</span> <span class='ocrx_word' id='word_1_195' title='bbox 1285 3247 1623 3325; x_wconf 88' lang='lat' dir='ltr'>Perperam</span> <span class='ocrx_word' id='word_1_196' title='bbox 1665 3245 2109 3323; x_wconf 83' lang='lat' dir='ltr'>triangulorum</span> <span class='ocrx_word' id='word_1_197' title='bbox 2161 3254 2226 3306; x_wconf 91' lang='lat' dir='ltr'>et</span> <span class='ocrx_word' id='word_1_198' title='bbox 2279 3245 2533 3306; x_wconf 89' lang='lat' dir='ltr'>aliarum</span> <span class='ocrx_word' id='word_1_199' title='bbox 2590 3245 2890 3325; x_wconf 88' lang='lat' dir='ltr'>sphaerae</span> 
     </span>
     <span class='ocr_line' id='line_1_25' title="bbox 604 3361 2889 3443; baseline -0 -21"><span class='ocrx_word' id='word_1_200' title='bbox 604 3363 869 3443; x_wconf 89' lang='lat' dir='ltr'>partium</span> <span class='ocrx_word' id='word_1_201' title='bbox 937 3361 1280 3421; x_wconf 85' lang='lat' dir='ltr'>doctrinam</span> <span class='ocrx_word' id='word_1_202' title='bbox 1340 3363 1403 3421; x_wconf 94' lang='lat' dir='ltr'>in</span> <span class='ocrx_word' id='word_1_203' title='bbox 1458 3363 1640 3442; x_wconf 90' lang='lat' dir='ltr'>plano</span> <span class='ocrx_word' id='word_1_204' title='bbox 1696 3361 1970 3441; x_wconf 82' lang='lat' dir='ltr'>quidam,</span> <span class='ocrx_word' id='word_1_205' title='bbox 2032 3371 2101 3423; x_wconf 89' lang='lat' dir='ltr'>ut</span> <span class='ocrx_word' id='word_1_206' title='bbox 2159 3363 2349 3424; x_wconf 88' lang='lat' dir='ltr'>stulte</span> <span class='ocrx_word' id='word_1_207' title='bbox 2403 3374 2889 3442; x_wconf 85' lang='lat' dir='ltr'>persequuntur;</span> 
     </span>
    </p>

    <p class='ocr_par' dir='ltr' id='par_1_9' title="bbox 472 3480 2889 4032">
     <span class='ocr_line' id='line_1_26' title="bbox 472 3480 2889 3560; baseline -0.002 -15"><span class='ocrx_word' id='word_1_208' title='bbox 472 3480 560 3545; x_wconf 68' lang='grc' dir='ltr'>Ξῖ)</span> <span class='ocrx_word' id='word_1_209' title='bbox 604 3480 1092 3560; x_wconf 86' lang='lat' dir='ltr'>quandoquidem</span> <span class='ocrx_word' id='word_1_210' title='bbox 1133 3501 1254 3540; x_wconf 91' lang='lat' dir='ltr'>non</span> <span class='ocrx_word' id='word_1_211' title='bbox 1297 3482 1492 3557; x_wconf 87' lang='lat' dir='ltr'>magis</span> <span class='ocrx_word' id='word_1_212' title='bbox 1539 3482 1602 3540; x_wconf 89' lang='lat' dir='ltr'>in</span> <span class='ocrx_word' id='word_1_213' title='bbox 1630 3482 1815 3560; x_wconf 88' lang='lat' dir='ltr'>plano</span> <span class='ocrx_word' id='word_1_214' title='bbox 1853 3501 2179 3560; x_wconf 88' lang='lat' dir='ltr'>possumus</span> <span class='ocrx_word' id='word_1_215' title='bbox 2216 3481 2472 3542; x_wconf 87' lang='lat' dir='ltr'>definire</span> <span class='ocrx_word' id='word_1_216' title='bbox 2508 3488 2570 3541; x_wconf 89' lang='lat' dir='ltr'>et</span> <span class='ocrx_word' id='word_1_217' title='bbox 2604 3482 2682 3541; x_wconf 85' lang='lat' dir='ltr'>ad</span> <span class='ocrx_word' id='word_1_218' title='bbox 2718 3502 2889 3542; x_wconf 76' lang='lat' dir='ltr'>suam</span> 
     </span>
     <span class='ocr_line' id='line_1_27' title="bbox 604 3596 2886 3676; baseline -0.002 -17"><span class='ocrx_word' id='word_1_219' title='bbox 604 3599 894 3660; x_wconf 87' lang='lat' dir='ltr'>amussim</span> <span class='ocrx_word' id='word_1_220' title='bbox 928 3596 1252 3674; x_wconf 88' lang='lat' dir='ltr'>designare</span> <span class='ocrx_word' id='word_1_221' title='bbox 1295 3597 1600 3676; x_wconf 88' lang='lat' dir='ltr'>sphaerici</span> <span class='ocrx_word' id='word_1_222' title='bbox 1643 3597 1978 3676; x_wconf 85' lang='lat' dir='ltr'>cuiuspiam</span> <span class='ocrx_word' id='word_1_223' title='bbox 2021 3618 2336 3676; x_wconf 80' lang='lat' dir='ltr'>numerOS,</span> <span class='ocrx_word' id='word_1_224' title='bbox 2366 3617 2547 3674; x_wconf 91' lang='lat' dir='ltr'>quam</span> <span class='ocrx_word' id='word_1_225' title='bbox 2571 3598 2633 3657; x_wconf 94' lang='lat' dir='ltr'>in</span> <span class='ocrx_word' id='word_1_226' title='bbox 2666 3597 2886 3674; x_wconf 88' lang='lat' dir='ltr'>solido,</span> 
     </span>
     <span class='ocr_line' id='line_1_28' title="bbox 604 3713 2887 3793; baseline -0.001 -18"><span class='ocrx_word' id='word_1_227' title='bbox 604 3735 823 3793; x_wconf 90' lang='lat' dir='ltr'>nempe</span> <span class='ocrx_word' id='word_1_228' title='bbox 879 3713 1202 3792; x_wconf 88' lang='lat' dir='ltr'>superficie</span> <span class='ocrx_word' id='word_1_229' title='bbox 1243 3713 1525 3790; x_wconf 82' lang='lat' dir='ltr'>globosa,</span> <span class='ocrx_word' id='word_1_230' title='bbox 1577 3732 1865 3774; x_wconf 89' lang='lat' dir='ltr'>numeros</span> <span class='ocrx_word' id='word_1_231' title='bbox 1915 3714 2098 3793; x_wconf 88' lang='lat' dir='ltr'>plani.</span> <span class='ocrx_word' id='word_1_232' title='bbox 2143 3714 2325 3774; x_wconf 85' lang='lat' dir='ltr'>Adde</span> <span class='ocrx_word' id='word_1_233' title='bbox 2361 3715 2548 3774; x_wconf 89' lang='lat' dir='ltr'>etiam</span> <span class='ocrx_word' id='word_1_234' title='bbox 2585 3723 2653 3774; x_wconf 92' lang='lat' dir='ltr'>ut</span> <span class='ocrx_word' id='word_1_235' title='bbox 2686 3715 2887 3793; x_wconf 89' lang='lat' dir='ltr'>ipsum</span> 
     </span>
     <span class='ocr_line' id='line_1_29' title="bbox 606 3829 2885 3912; baseline -0.002 -18"><span class='ocrx_word' id='word_1_236' title='bbox 606 3833 765 3912; x_wconf 89' lang='lat' dir='ltr'>quod</span> <span class='ocrx_word' id='word_1_237' title='bbox 819 3853 1142 3909; x_wconf 88' lang='lat' dir='ltr'>numquam</span> <span class='ocrx_word' id='word_1_238' title='bbox 1203 3829 1634 3890; x_wconf 86' lang='lat' dir='ltr'>inveniendum</span> <span class='ocrx_word' id='word_1_239' title='bbox 1695 3831 2039 3908; x_wconf 86' lang='lat' dir='ltr'>quaeritur,</span> <span class='ocrx_word' id='word_1_240' title='bbox 2096 3831 2192 3891; x_wconf 86' lang='lat' dir='ltr'>sui</span> <span class='ocrx_word' id='word_1_241' title='bbox 2257 3832 2504 3892; x_wconf 90' lang='lat' dir='ltr'>tandem</span> <span class='ocrx_word' id='word_1_242' title='bbox 2570 3833 2885 3893; x_wconf 90' lang='lat' dir='ltr'>inventum</span> 
     </span>
     <span class='ocr_line' id='line_1_30' title="bbox 603 3949 2884 4032; baseline -0.001 -20"><span class='ocrx_word' id='word_1_243' title='bbox 603 3953 828 4013; x_wconf 89' lang='lat' dir='ltr'>nullius</span> <span class='ocrx_word' id='word_1_244' title='bbox 864 3953 1190 4032; x_wconf 84' lang='lat' dir='ltr'>praeberet</span> <span class='ocrx_word' id='word_1_245' title='bbox 1221 3971 1371 4011; x_wconf 90' lang='lat' dir='ltr'>usus</span> <span class='ocrx_word' id='word_1_246' title='bbox 1405 3949 1684 4011; x_wconf 87' lang='lat' dir='ltr'>officium.</span> <span class='ocrx_word' id='word_1_247' title='bbox 1728 3950 1816 4008; x_wconf 91' lang='lat' dir='ltr'>At</span> <span class='ocrx_word' id='word_1_248' title='bbox 1858 3950 2034 4009; x_wconf 86' lang='lat' dir='ltr'>nobis</span> <span class='ocrx_word' id='word_1_249' title='bbox 2071 3958 2314 4009; x_wconf 87' lang='lat' dir='ltr'>constat</span> <span class='ocrx_word' id='word_1_250' title='bbox 2352 3950 2658 4029; x_wconf 88' lang='lat' dir='ltr'>sphaerici</span> <span class='ocrx_word' id='word_1_251' title='bbox 2694 3951 2884 4009; x_wconf 87' lang='lat' dir='ltr'>trian-</span> 
     </span>
    </p>

    <p class='ocr_par' dir='ltr' id='par_1_10' title="bbox 473 4067 2882 4148">
     <span class='ocr_line' id='line_1_31' title="bbox 473 4067 2882 4148; baseline -0.001 -14"><span class='ocrx_word' id='word_1_252' title='bbox 473 4071 561 4134; x_wconf 85' lang='lat'>30</span> <span class='ocrx_word' id='word_1_253' title='bbox 605 4070 732 4148; x_wconf 88' lang='lat' dir='ltr'>guli</span> <span class='ocrx_word' id='word_1_254' title='bbox 765 4071 1063 4131; x_wconf 87' lang='lat' dir='ltr'>rationem</span> <span class='ocrx_word' id='word_1_255' title='bbox 1086 4070 1146 4129; x_wconf 91' lang='lat' dir='ltr'>in</span> <span class='ocrx_word' id='word_1_256' title='bbox 1169 4071 1430 4148; x_wconf 83' lang='lat' dir='ltr'>sphaera</span> <span class='ocrx_word' id='word_1_257' title='bbox 1464 4068 1705 4129; x_wconf 90' lang='lat' dir='ltr'>omnino</span> <span class='ocrx_word' id='word_1_258' title='bbox 1742 4087 1924 4127; x_wconf 88' lang='lat' dir='ltr'>unam</span> <span class='ocrx_word' id='word_1_259' title='bbox 1952 4067 2327 4144; x_wconf 86' lang='lat' dir='ltr'>eandemque</span> <span class='ocrx_word' id='word_1_260' title='bbox 2361 4090 2497 4131; x_wconf 89' lang='lat' dir='ltr'>esse</span> <span class='ocrx_word' id='word_1_261' title='bbox 2533 4078 2717 4147; x_wconf 86' lang='lat' dir='ltr'>atque</span> <span class='ocrx_word' id='word_1_262' title='bbox 2753 4090 2882 4131; x_wconf 88' lang='lat' dir='ltr'>rec-</span> 
     </span>
    </p>
   </div>
   <div class='ocr_carea' id='block_1_3' title="bbox 602 4185 2884 4267">
    <p class='ocr_par' dir='ltr' id='par_1_11' title="bbox 602 4185 2884 4267">
     <span class='ocr_line' id='line_1_32' title="bbox 602 4185 2884 4267; baseline -0.001 -18"><span class='ocrx_word' id='word_1_263' title='bbox 602 4190 795 4249; x_wconf 88' lang='lat' dir='ltr'>tilinei</span> <span class='ocrx_word' id='word_1_264' title='bbox 837 4191 900 4248; x_wconf 90' lang='lat' dir='ltr'>in</span> <span class='ocrx_word' id='word_1_265' title='bbox 941 4189 1149 4267; x_wconf 86' lang='lat' dir='ltr'>plan0‚</span> <span class='ocrx_word' id='word_1_266' title='bbox 1190 4187 1350 4247; x_wconf 89' lang='lat' dir='ltr'>unde</span> <span class='ocrx_word' id='word_1_267' title='bbox 1397 4207 1514 4247; x_wconf 87' lang='lat' dir='ltr'>non</span> <span class='ocrx_word' id='word_1_268' title='bbox 1565 4196 1696 4248; x_wconf 88' lang='lat' dir='ltr'>erat</span> <span class='ocrx_word' id='word_1_269' title='bbox 1734 4207 1889 4264; x_wconf 90' lang='lat' dir='ltr'>opus</span> <span class='ocrx_word' id='word_1_270' title='bbox 1924 4195 1992 4244; x_wconf 89' lang='lat' dir='ltr'>ut</span> <span class='ocrx_word' id='word_1_271' title='bbox 2033 4185 2342 4266; x_wconf 85' lang='lat' dir='ltr'>quippiam</span> <span class='ocrx_word' id='word_1_272' title='bbox 2398 4187 2715 4267; x_wconf 88' lang='lat' dir='ltr'>principiis</span> <span class='ocrx_word' id='word_1_273' title='bbox 2769 4189 2884 4247; x_wconf 89' lang='lat' dir='ltr'>Eu-</span> 
     </span>
    </p>
   </div>
   <div class='ocr_carea' id='block_1_4' title="bbox 2398 4331 2601 4336">
    <p class='ocr_par' dir='ltr' id='par_1_12' title="bbox 2398 4331 2601 4336">
     <span class='ocr_line' id='line_1_33' title="bbox 2398 4331 2601 4336; baseline 0 0"><span class='ocrx_word' id='word_1_274' title='bbox 2398 4331 2601 4336; x_wconf 95' lang='lat' dir='ltr'> </span> 
     </span>
    </p>
   </div>
   <div class='ocr_carea' id='block_1_5' title="bbox 863 4327 1214 4334">
    <p class='ocr_par' dir='ltr' id='par_1_13' title="bbox 863 4327 1214 4334">
     <span class='ocr_line' id='line_1_34' title="bbox 863 4327 1214 4334; baseline 0 934"><span class='ocrx_word' id='word_1_275' title='bbox 863 4327 1214 4334; x_wconf 95' lang='lat' dir='ltr'> </span> 
     </span>
    </p>
   </div>
   <div class='ocr_carea' id='block_1_6' title="bbox 614 4328 774 4335">
    <p class='ocr_par' dir='ltr' id='par_1_14' title="bbox 614 4328 774 4335">
     <span class='ocr_line' id='line_1_35' title="bbox 614 4328 774 4335; baseline 0 933"><span class='ocrx_word' id='word_1_276' title='bbox 614 4328 774 4335; x_wconf 95' lang='lat' dir='ltr'> </span> 
     </span>
    </p>
   </div>
   <div class='ocr_carea' id='block_1_7' title="bbox 621 4409 2881 4556">
    <p class='ocr_par' dir='ltr' id='par_1_15' title="bbox 621 4409 2881 4556">
     <span class='ocr_line' id='line_1_36' title="bbox 786 4409 2881 4481; baseline 0.002 -23"><span class='ocrx_word' id='word_1_277' title='bbox 786 4410 815 4458; x_wconf 79' lang='grc'><strong>7</strong></span> <span class='ocrx_word' id='word_1_278' title='bbox 849 4428 923 4474; x_wconf 78' lang='lat' dir='ltr'>sq.</span> <span class='ocrx_word' id='word_1_279' title='bbox 959 4409 1030 4460; x_wconf 88' lang='lat' dir='ltr'>ad</span> <span class='ocrx_word' id='word_1_280' title='bbox 1072 4410 1333 4475; x_wconf 78' lang='lat' dir='ltr'>spherica</span> <span class='ocrx_word' id='word_1_281' title='bbox 1458 4413 1518 4461; x_wconf 79' lang='lat'>16</span> <span class='ocrx_word' id='word_1_282' title='bbox 1552 4412 1915 4481; x_wconf 81' lang='lat' dir='ltr'>exangulam]</span> <span class='ocrx_word' id='word_1_283' title='bbox 1950 4410 2025 4462; x_wconf 82' lang='lat' dir='ltr'>sic</span> <span class='ocrx_word' id='word_1_284' title='bbox 2151 4414 2211 4463; x_wconf 74' lang='lat'>19</span> <span class='ocrx_word' id='word_1_285' title='bbox 2244 4416 2513 4480; x_wconf 79' lang='lat' dir='ltr'>exequari</span> <span class='ocrx_word' id='word_1_286' title='bbox 2639 4415 2701 4464; x_wconf 74' lang='lat'>21</span> <span class='ocrx_word' id='word_1_287' title='bbox 2725 4416 2881 4478; x_wconf 74' lang='lat' dir='ltr'>forse</span> 
     </span>
     <span class='ocr_line' id='line_1_37' title="bbox 621 4490 1226 4556; baseline 0.003 -18"><span class='ocrx_word' id='word_1_288' title='bbox 621 4490 850 4556; x_wconf 79' lang='lat' dir='ltr'>quidam</span> <span class='ocrx_word' id='word_1_289' title='bbox 875 4495 964 4555; x_wconf 87' lang='lat' dir='ltr'>(ut</span> <span class='ocrx_word' id='word_1_290' title='bbox 989 4490 1168 4541; x_wconf 88' lang='lat' dir='ltr'>stulte</span> <span class='ocrx_word' id='word_1_291' title='bbox 1190 4491 1226 4554; x_wconf 72' lang='grc' dir='ltr'>Σ)</span> 
     </span>
    </p>
   </div>
   <div class='ocr_carea' id='block_1_8' title="bbox 863 4603 2556 4654">
    <p class='ocr_par' dir='ltr' id='par_1_16' title="bbox 863 4603 2556 4654">
     <span class='ocr_line' id='line_1_38' title="bbox 863 4603 2556 4654; baseline 0.003 -12"><span class='ocrx_word' id='word_1_292' title='bbox 863 4603 1013 4643; x_wconf 72' lang='lat' dir='ltr'>Bnuxl</span> <span class='ocrx_word' id='word_1_293' title='bbox 1044 4603 1151 4653; x_wconf 72' lang='lat' dir='ltr'>Opp.</span> <span class='ocrx_word' id='word_1_294' title='bbox 1180 4604 1260 4642; x_wconf 79' lang='lat' dir='ltr'>lat.</span> <span class='ocrx_word' id='word_1_295' title='bbox 1287 4603 1331 4654; x_wconf 90' lang='lat'>1,</span> <span class='ocrx_word' id='word_1_296' title='bbox 1353 4605 1393 4644; x_wconf 82' lang='lat'>3.</span> <span class='ocrx_word' id='word_1_297' title='bbox 2504 4607 2556 4647; x_wconf 59' lang='lat'>211</span> 
     </span>
    </p>
   </div>
  </div>
 </body>
</html>
