3738 5268
1509 541 1601 583 m:
1642 538 1968 583 MnnsvnA.
2770 514 2887 573 333

1498 955 1802 1022 CAPVT
1864 954 1994 1019 III.

1579 1221 1908 1264 LAETITIA.

771 1395 830 1434 Et
858 1394 1134 1444 triangulum
1164 1394 1429 1444 simpliciter
1457 1394 1529 1433 vel
1557 1404 1694 1443 super
1721 1393 1828 1432 data
1855 1392 1982 1432 linea
2009 1391 2338 1440 aequilaterum
2367 1389 2596 1429 constituo
2629 1391 2716 1427 etc.
2886 1381 2969 1442 p.
3002 1368 3199 1431 192

777 1608 974 1674 Circa
1011 1632 1227 1675 unum
1264 1615 1600 1696 punctum
1638 1606 1694 1672 si
1735 1605 2276 1671 circumfinxerit
2319 1606 2520 1686 alter,

511 1730 551 1791 ἴ)
599 1725 850 1810 Cyclus
889 1726 1049 1810 erit,
1092 1726 1288 1791 euius
1323 1725 1516 1790 raclio
1554 1724 1639 1788 de
1679 1723 1991 1809 margine
2032 1722 2191 1808 gyri

598 1841 927 1927 Aequalis
967 1866 1142 1929 gyro
1181 1842 1558 1908 adhaerens
1598 1841 2025 1907 contermina
2063 1841 2214 1923 fiat,

597 1959 924 2024 Extremo
963 1959 1222 2046 triplici
1265 1960 1558 2024 laterum
1595 1981 1720 2044 pro
1759 1965 2020 2045 puncta
2057 1962 2388 2021 notentur
2426 1979 2439 2036 ;

597 2076 774 2140 Nam
812 2076 1045 2140 radius
1082 2076 1354 2142 Baccho
1393 2098 1528 2162 quo
1566 2074 1884 2160 iungitur
1922 2074 2101 2138 alma
2140 2072 2371 2136 Diana
2864 2099 2888 2138 5

600 2193 726 2257 Est
765 2192 866 2257 illi
907 2193 1214 2278 aequalis
1253 2216 1389 2280 quo
1427 2193 1741 2257 Hermeti
1780 2192 1963 2256 Diva
1999 2190 2447 2278 propinquat.

469 2304 553 2367 10
599 2308 815 2374 Linea
852 2309 1046 2394 sique
1085 2310 1248 2375 data
1284 2315 1412 2393 est,
1452 2309 1668 2376 veluti
1710 2331 1917 2394 quam
1955 2308 2115 2372 hinc
2156 2307 2313 2373 finit
2353 2305 2605 2392 Apollo

598 2424 1112 2510 Aemoniusque
1151 2425 1345 2490 illine
1383 2425 1722 2508 Bacchus,
1762 2432 1931 2489 tunc
1969 2429 2204 2488 centra
2242 2422 2551 2488 vicissim

602 2541 932 2626 Gyrando
974 2541 1175 2625 fiant,
1217 2541 1517 2606 Charitis
1557 2540 1796 2605 domus
1836 2539 2259 2622 invenietur,

599 2660 883 2723 Mutuus
921 2680 1378 2745 occursusque
1416 2659 1560 2723 illic
1600 2658 1719 2743 qui
1755 2658 2087 2722 terminat
2126 2657 2369 2722 ambas
2834 2687 2884 2723 ιο

600 2774 770 2839 Inde
807 2774 957 2840 vias
995 2780 1216 2840 rectas
1251 2774 1527 2861 gemino
1567 2775 1648 2839 (le
1687 2774 1973 2839 numine
2005 2773 2091 2839 ad
2133 2773 2347 2837 illam.

471 2890 552 2953 15
599 2894 859 2978 Aequis
898 2893 980 2959 de
1019 2893 1231 2959 radiis
1269 2893 1589 2959 Chremes
1627 2892 1796 2958 facit
1829 2892 2060 2957 omnia
2092 2891 2347 2979 palam.

759 3114 1109 3192 Specierum
1143 3115 1435 3192 trianguli
1477 3116 1646 3176 solus
1687 3114 2102 3191 aequilaterus
2148 3134 2282 3175 cum
2319 3116 2544 3176 circulo
2581 3136 2884 3176 commen-

598 3234 970 3293 surationem
1003 3233 1305 3309 quandam
1342 3242 1406 3294 et
1432 3240 1672 3293 mutuae
1710 3233 2081 3293 ostensionis
2120 3234 2480 3312 principium
2518 3234 2744 3293 habere
2782 3254 2888 3311 ap-

599 3357 798 3429 paret;
843 3349 986 3426 quia
1020 3349 1227 3410 radius
1271 3349 1347 3409 ad
1393 3349 1801 3429 peripheriam
1843 3369 2030 3427 snper
2080 3350 2337 3410 termino
2396 3349 2554 3409 radii
2600 3370 2636 3408 a
2670 3355 2879 3409 centro

599 3467 877 3526 exeuntis
910 3467 1264 3527 incumbens
1309 3467 1493 3526 talem
1534 3468 1790 3527 sortitur
1831 3467 2318 3545 inclinationem,
2368 3477 2437 3528 ut
2484 3488 2604 3527 non
2643 3466 2759 3526 nisi
2799 3467 2887 3526 al-

467 3588 555 3651 20
602 3591 732 3645 tero
791 3584 854 3643 in
915 3591 1191 3645 centrum
1256 3593 1526 3644 extremo
1589 3583 1933 3645 confluente
2005 3584 2084 3644 ad
2138 3585 2305 3646 illius
2370 3585 2879 3663 complementum

600 3723 753 3783 opus
789 3704 887 3765 sit.

756 3837 788 3883 'n
832 3821 1101 3882 Proinde
1133 3823 1194 3881 in
1222 3823 1300 3883 iis
1334 3841 1486 3899 qnae
1524 3822 1686 3881 circa
1718 3822 1951 3881 minimi
1986 3822 2401 3883 inventionem
2433 3820 2599 3882 dicta
2625 3830 2769 3883 sunt
2796 3823 2886 3882 in-

599 3939 965 4017 dicavimuS,
1001 3948 1069 3999 ut
1103 3941 1298 4001 ordini
1343 3941 1607 4019 partium
1642 3942 1854 4001 circuli
1902 3942 2001 4017 qui
2048 3942 2110 4000 in
2154 3942 2352 4002 solido
2396 3949 2703 4018 tamquam
2747 3962 2885 4020 pro-

599 4058 730 4137 prio
766 4058 1041 4119 subiecto
1077 4067 1175 4119 est
1206 4059 1629 4137 inquirenduS,
1667 4061 1727 4118 in
1771 4061 1955 4138 plano
1992 4059 2368 4138 respondeat
2423 4059 2573 4119 ordo
2620 4060 2884 4139 partium

465 4168 551 4233 25
597 4175 899 4253 hexagoni
931 4195 1041 4254 per
1069 4175 1340 4236 eiusdem
1373 4176 1737 4255 triangu108‚
1762 4177 1863 4253 qui
1887 4198 1922 4237 a
1953 4175 2256 4254 comparis
2288 4176 2500 4236 circuli
2530 4176 2705 4236 radio
2734 4176 2880 4237 defi·

595 4293 864 4353 niuntur.

609 4455 658 4464 .-

786 4550 842 4595 11
866 4548 1023 4610 forse
1047 4546 1403 4596 Haemonius
1528 4548 1590 4596 :25
1624 4548 1871 4609 exagoni
