3738 5268
875 520 995 582 284
1475 535 1752 581 mamm
1794 535 1997 583 13va1
2037 537 2127 581 nn
2168 535 2436 597 ummo,
2482 536 2569 580 w.

1747 935 2051 1014 CAPVT
2122 949 2279 1014 VII.

1862 1143 2182 1184 Definitiones.

1051 1355 1480 1442 Principium
1519 1378 1642 1442 per
1679 1379 1748 1420 se
1787 1363 2033 1420 notum
2070 1361 2139 1419 et
2176 1354 2430 1437 finitio,
2472 1377 2609 1440 qua
2647 1355 2791 1422 sint

870 1471 1108 1537 Passio
1148 1478 1218 1537 et
1255 1472 1600 1538 obiectum
1639 1475 1894 1537 natura
1930 1479 2000 1536 et
2031 1471 2310 1537 nomine
2346 1477 2541 1555 nota,

781 1586 823 1649 ἴ)
870 1587 1240 1654 Praenosci
1277 1587 1558 1671 debent,
1598 1588 2013 1675 sophiaeque
2050 1588 2126 1652 in
2164 1588 2402 1653 limine
2439 1589 2665 1675 primo

868 1702 1246 1789 Tamquam
1287 1711 1449 1770 ante
1486 1704 1877 1790 ingressum
1904 1727 2241 1790 sensuque
2278 1711 2349 1769 et
2384 1712 2614 1770 mente
2652 1706 2895 1771 teneri.

867 1819 1069 1886 Unde
1106 1822 1300 1887 velut
1337 1822 1562 1887 medio
1601 1822 1858 1886 circum
1898 1821 2178 1886 millena
2217 1821 2487 1887 viarum
3125 1852 3151 1892 5
3176 1818 3484 1891 P·145

866 1935 979 2000 Ad
1016 1937 1244 2002 varias
1282 1932 1667 2004 tenduntur
1705 1961 1892 2025 ope8‚
1933 1939 2020 2004 ad
2058 1960 2370 2023 quaeque
2407 1945 2767 2026 reportant

866 2050 1211 2117 Iudicium
1251 2076 1480 2119 rerum
1519 2061 1587 2119 et
1624 2054 1927 2119 medium
1966 2054 2350 2141 repetentia
2388 2062 2670 2120 cert-um.

736 2161 820 2224 10
864 2169 1051 2256 Ergo
1089 2193 1214 2257 per
1250 2170 1417 2237 haec
1455 2172 1623 2237 artis
1661 2173 2010 2258 generalia
2049 2171 2366 2258 conspice
2401 2171 2569 2257 quid
2606 2172 2769 2237 sint.

1571 2372 1691 2420 Quid
1734 2372 2025 2412 minimum
2068 2361 2115 2411 οἱ
2159 2371 2457 2411 terminus.

865 2532 991 2597 Est
1028 2533 1445 2599 minimum
1485 2533 1678 2599 cuius
1715 2555 1875 2620 pars
1907 2531 2099 2597 nulla
2137 2537 2267 2617 est,
2299 2530 2522 2617 prima
2552 2528 2735 2614 quod
2772 2535 2875 2594 est
2912 2549 3091 2615 pars,

865 2649 1294 2716 Terminus
1333 2657 1439 2717 est
1475 2650 1633 2717 finis
1667 2650 1778 2717 cui
1815 2673 1942 2715 nec
1979 2671 2165 2737 pam,
2206 2648 2391 2734 quod
2428 2669 2651 2731 neque
2690 2667 2849 2733 pars
2888 2652 3010 2710 est.
3092 2674 3144 2713 ιο

1519 2847 1639 2896 Quid
1692 2851 1962 2899 punctum
2002 2849 2122 2898 quod
2151 2851 2221 2888 est
2249 2846 2503 2887 minimum.

738 2993 820 3057 15
867 2995 1080 3063 Cuius
1117 3020 1258 3063 non
1289 3020 1450 3085 pars
1489 3005 1593 3064 est
1629 2999 1926 3087 primam
1962 3004 2232 3088 partem
2268 2996 2509 3082 inquio
2556 3019 2716 3084 pun
2733 3002 2951 3061 ctum

865 3114 952 3178 In
988 3114 1228 3201 planO,
1270 3114 1542 3179 minimi
1581 3115 1879 3201 speciem
1917 3114 1974 3181 si
2010 3113 2349 3201 intelligis
2387 3113 2637 3200 ipsum.

1530 3313 1648 3360 Quid
1699 3318 1972 3364 punctum
2015 3314 2132 3363 quod
2163 3318 2231 3354 est
2260 3312 2497 3354 terminus.

868 3467 1103 3551 Posto,
1145 3473 1266 3532 aut
1304 3467 1714 3554 simpliciter
1752 3467 1935 3552 quod
1971 3490 2097 3532 nec
2136 3490 2324 3554 pare,
2366 3466 2475 3531 cui
2514 3487 2736 3550 neque
2771 3487 2932 3554 pars
2971 3471 3111 3550 est,

873 3582 1146 3660 Quanto
1185 3584 1375 3650 omni
1413 3583 1576 3649 finis
1623 3590 1973 3671 punctus
2010 3584 2143 3648 tibi
2180 3582 2519 3649 terminus
2558 3588 2725 3648 esto.

733 3770 823 3834 20
1708 3785 1827 3832 Quid
1871 3785 2031 3825 linea
2071 3784 2321 3824 minimum.

866 3939 1122 4005 Linea
1159 3962 1282 4026 per
1319 3940 1606 4025 longum
1644 3946 1793 4005 tum
1835 3937 2265 4004 continuatio
2302 3937 2547 4024 puncti
3103 3964 3153 4003 ιε,

867 4056 1194 4122 Proxima
1231 4079 1391 4144 pars
1428 4056 1652 4144 plani,
1689 4063 1757 4123 et
1797 4056 1908 4122 cui
1945 4077 2068 4144 pro
2105 4054 2475 4141 longedine
2513 4060 2764 4141 partes,

1714 4256 1833 4303 Quid
1876 4256 2035 4296 linea
2078 4255 2316 4296 terminus.

870 4415 1049 4482 Tum
1089 4436 1358 4500 quoque
1394 4436 1556 4501 pars
1594 4411 1785 4478 nulla
1823 4419 1928 4477 est
1965 4435 2044 4477 ac
2082 4412 2514 4478 continuatio
2554 4410 2714 4477 talis

738 4534 824 4596 25
872 4531 1156 4615 Puncti,
1200 4530 1606 4614 cuicumque
1644 4535 1748 4595 est
1787 4527 1945 4593 finis
1985 4528 2201 4594 solido
2241 4535 2309 4593 et
2346 4527 2567 4593 faciei.
