3738 5268
871 525 996 584 250
1473 536 1756 581 ioman
1789 534 1999 578 nam
2038 534 2131 578 m:
2167 534 2441 587 mmo,
2482 534 2579 578 m.

875 694 1392 781 Aristipulatur,
1433 692 1556 757 ubi
1597 692 1993 776 frequenter
2032 713 2295 755 sumere
2334 710 2605 776 partem
3116 719 3167 759 ις,

875 810 1068 887 Quae
1105 812 1198 875 sit
1241 810 1623 875 communis
1664 830 2025 872 mensurae
2062 830 2205 870 nen
2242 806 2403 869 lici-t
2446 806 2579 869 illi.

881 925 1016 1003 Qui
1053 924 1342 989 definito
1381 924 1668 988 minimo
1707 922 1856 986 sine
1891 944 2163 986 παρις-,επ
2198 920 2521 985 habetur:

879 1042 1084 1107 Hunc
1123 1063 1286 1105 sane
1323 1038 1512 1104 haud
1543 1039 1795 1102 multas
1835 1038 2097 1124 speeies
2134 1037 2333 1101 finire
2370 1036 2669 1100 vide-bis:

795 1157 838 1220 5
883 1158 1346 1245 Bhythmicus
1389 1176 1462 1223 ut
1503 1157 1562 1220 si
1601 1156 1711 1220 cui
1753 1155 2067 1220 monadis
2104 1177 2245 1218 non
2282 1156 2561 1241 pervius
2600 1177 2763 1219 usus

879 1274 1242 1355 Extiterit‚
1283 1278 1568 1359 quinam
1605 1273 1862 1359 poterit
1904 1272 2291 1336 odi-eernere
2328 1272 2589 1336 multa?
3118 1304 3171 1340 :o

881 1394 1060 1458 Nam
1099 1392 1354 1479 paz-sim
1395 1412 1682 1455 numero
1719 1414 1941 1475 neque
1978 1413 2141 1477 pars
2182 1392 2565 1455 communis
2604 1390 2883 1475 utrique

878 1507 1240 1595 Captanda
1281 1524 1412 1590 est,
1450 1506 1530 1571 ni
1565 1506 2147 1571 connumerabilis
2186 1524 2371 1570 extet
2413 1526 2730 1590 uterque,

885 1624 1252 1691 Proximus
1290 1632 1358 1687 et
1396 1645 1724 1688 numerus
1763 1622 1975 1686 simili
2012 1644 2138 1708 pro
2178 1638 2362 1686 sorte
2400 1636 2709 1707 petatur,

755 1743 840 1807 10
882 1742 1036 1820 Qua
1074 1762 1343 1825 quoque
1383 1762 1774 1804 mensuram
1813 1761 2175 1803 mensurae
2212 1761 2408 1801 suere
2444 1738 2946 1824 propinquam;

883 1857 1018 1923 Hic
1053 1856 1150 1921 ita
1189 1856 1282 1921 sit
1319 1877 1594 1920 mensor
1629 1855 1818 1918 velut
1859 1853 1975 1917 isse
2014 1870 2189 1917 esset
2228 1868 2659 1935 numerator,
3118 1880 3173 1918 25

885 1973 1113 2040 Ambo
1150 1972 1289 2037 arti
1327 1970 1593 2037 numeri
1632 1980 1700 2035 et
1739 1992 2097 2034 mensurae
2134 1970 2411 2054 sintque
2447 1968 2825 2056 propinqui

888 2089 1108 2168 Quam
1147 2086 1472 2153 tenebrae
1507 2086 1672 2167 luci,
1711 2107 1876 2149 vero
1913 2084 2305 2169 falsumque
2344 2085 2680 2149 cohaeret.

1048 2316 1265 2378 Omnis
1318 2316 1606 2378 tractatio
1662 2315 1741 2376 de
1781 2317 1983 2392 alogis
2015 2326 2079 2375 et
2112 2316 2503 2393 asymmetris
2538 2314 3061 2392 magnitudinibus
3094 2316 3172 2374 ab
3210 2322 3294 2382 P·
3325 2305 3496 2367 111

761 2429 844 2493 15
888 2433 1235 2512 ignorantia
1281 2444 1409 2493 tum
1464 2431 1754 2511 captandi
1805 2432 2041 2491 minimi
2088 2431 2371 2511 profecta
2418 2442 2540 2508 est,
2585 2440 2715 2490 tum
2748 2432 2936 2490 etiam
2978 2451 3055 2490 ex
3095 2450 3169 2490 eo

889 2547 1050 2627 quod
1099 2549 1189 2609 ita
1239 2569 1316 2610 ex
1355 2556 1534 2627 parte
1574 2546 1668 2607 rei
1701 2548 2017 2608 subiectae
2048 2548 2407 2625 magnitudo
2449 2548 2759 2623 quaelibet
2813 2556 2910 2607 est
2958 2547 3168 2606 divisi·

891 2667 1055 2744 bilis,
1112 2665 1622 2744 quemadmodum
1675 2685 1752 2725 ex
1806 2665 2141 2725 dividentis
2190 2666 2509 2743 proposito
2561 2664 2877 2725 dividitur.
2922 2666 3011 2724 At
3058 2684 3171 2724 nos

891 2802 1080 2863 supra
1120 2781 1382 2843 diximus
1423 2782 1696 2860 practice
1728 2791 1913 2858 atque
1954 2781 2304 2841 mechanice
2344 2780 2486 2841 ideo
2539 2781 2735 2840 dividi
2768 2789 2895 2840 tum
2929 2800 3042 2859 per
3072 2800 3173 2858 pa-

893 2898 987 2960 ria
1017 2906 1146 2958 tum
1180 2917 1293 2977 per
1324 2897 1584 2976 imparia
1623 2898 1740 2956 hae
1781 2917 1939 2974 quae
1983 2905 2124 2957 sunt
2156 2898 2481 2956 continuae
2515 2896 3001 2975 magnitudine3‚
3037 2896 3177 2972 quia

761 3015 851 3080 20
894 3023 1148 3094 propter
1189 3033 1398 3075 eorum
1439 3012 1977 3074 insensibilitatem
2009 3013 2238 3092 primae
2268 3023 2480 3092 partes
2506 3012 2861 3073 innumerae
2892 3014 3006 3072 sub
3039 3033 3179 3090 qua-

897 3129 1037 3192 dam
1100 3128 1553 3192 indifferentiae
1615 3131 1823 3210 specie
1886 3130 2357 3191 confunduntur.
2416 3133 2510 3190 Ea
2574 3151 2721 3190 vero
2790 3131 3174 3209 differentia,

896 3265 1073 3323 quam
1113 3245 1174 3306 in
1224 3246 1631 3307 crassioribus
1677 3247 1969 3325 operibus
2008 3266 2205 3323 neque
2238 3247 2515 3325 accipere
2535 3265 2732 3323 neque
2760 3246 2974 3308 videre
3002 3246 3176 3323 licet,

895 3371 963 3422 ut
1014 3361 1118 3421 ubi
1169 3361 1463 3422 frumenti
1510 3361 1779 3422 modium
1824 3362 1925 3423 vel
1960 3364 2258 3441 perticam
2289 3362 2353 3422 in
2386 3361 2619 3422 diversi
2654 3370 2717 3422 et
2753 3362 3042 3423 contrarii
3075 3382 3181 3440 ge·

897 3477 1064 3538 neris
1091 3496 1410 3538 mensuras
1446 3477 1736 3554 aequales
1769 3478 1917 3538 licet
1956 3477 2264 3556 dividere,
2296 3498 2432 3539 cum
2478 3498 2602 3538 non
2638 3498 2751 3557 per
2797 3479 3182 3538 minimorum

764 3591 851 3656 ‘25
896 3612 1211 3653 numerum
1245 3592 1353 3653 flat
1395 3592 1750 3654 distributio
1806 3601 1869 3654 et
1922 3594 2257 3655 individua.
2301 3594 2373 3653 In
2428 3593 2851 3655 subtilioribus
2893 3595 3181 3672 operibus

897 3707 1120 3784 vulgus
1151 3717 1601 3785 geometrarum
1635 3709 1832 3787 videt,
1873 3710 1980 3770 sed
2018 3729 2129 3788 per
2164 3711 2497 3770 carentiam
2530 3709 2813 3788 principii
2856 3731 2979 3770 non
3012 3711 3182 3771 valet

898 3823 1199 3903 accipere;
1244 3825 1412 3900 atqui
1468 3835 1705 3884 tantum
1747 3845 1858 3904 per
1901 3826 2211 3905 proximas
2255 3826 2645 3904 persequitur
2680 3846 3014 3887 mensuras,
3049 3828 3181 3887 Nos

899 3958 1043 4000 vero
1072 3959 1250 4016 quam
1282 3940 1439 4000 bene
1471 3948 1858 4019 perspectam
1889 3940 2298 4002 differentiam
2337 3950 2464 4001 tum
2498 3942 2868 4021 accipiamus
2900 3949 3030 4002 tum
3061 3962 3173 4020 pro

897 4054 986 4115 rei
1021 4054 1368 4116 conditione
1403 4064 1867 4133 contractemuS,
1905 4056 1967 4117 in
2000 4057 2079 4116 iis
2132 4076 2288 4132 quae
2343 4068 2797 4135 consequuntur
2843 4059 2961 4119 erit
2993 4059 3178 4119 mani·

766 4161 854 4224 30
898 4167 1142 4231 festum.

1976 4336 2073 4340 -——
2108 4335 3174 4342 --—-————-—-—.————

1087 4413 1146 4464 16
1178 4412 1434 4465 diuibilis
1560 4416 1622 4467 19
1654 4416 1778 4485 hae]
1797 4418 1955 4482 forse
1981 4420 2082 4470 has
