3738 5268
1088 535 1177 579 nn
1220 536 1570 581 ancwns
1613 535 1971 581 mnnsvaan
2010 536 2095 581 m·
2135 535 2445 582 mevam.
2789 519 2906 579 287

1604 772 1721 821 Quid
1764 773 1943 814 orbis.

619 925 746 990 Est
793 925 1013 990 orbis
1058 925 1338 1011 gemina
1377 947 1622 1012 corpus
1661 925 1836 991 facie
1876 933 2084 1011 atque
2122 949 2245 1013 per
2284 948 2519 992 omnes

618 1041 929 1108 Convexi
969 1049 1178 1128 atque
1216 1041 1368 1108 cavi
1404 1049 1636 1129 partes
1675 1041 2054 1128 aequaliter
2091 1043 2330 1108 altum.

1550 1242 1670 1291 Quid
1712 1242 1982 1292 sphaera.

531 1392 572 1454 5
621 1393 727 1479 Sp
744 1393 985 1460 haera
1017 1402 1122 1460 est
1153 1395 1262 1461 cui
1285 1396 1574 1481 longum
1598 1402 1700 1461 est
1726 1418 2021 1481 aequum
2047 1419 2123 1461 ac
2145 1395 2365 1460 latum
2389 1403 2598 1482 atque
2620 1394 2908 1482 profun-

619 1509 964 1597 Oontigue
1001 1519 1386 1578 extremum
1424 1512 1618 1578 cuius
1659 1535 1932 1598 quoque
1971 1511 2265 1578 circulus
2305 1511 2544 1577 ambit.
2688 1510 2904 1595 [dum,

1546 1710 1668 1758 Qum
1713 1712 1985 1764 pyramis.

627 1868 1000 1956 Pyramis
1048 1876 1152 1935 est
1191 1891 1460 1956 corpus,
1502 1867 1686 1954 quod
1724 1868 1810 1935 ab
1849 1891 1987 1935 uno
2027 1867 2253 1955 pluria
2291 1869 2501 1955 plana
2852 1896 2906 1935 55

619 1985 836 2051 Plano
876 1985 1278 2052 deminuens
1317 1985 1391 2051 in
1429 1991 1767 2073 punctum
1803 1983 2074 2070 colligit
2110 2006 2349 2051 unum.

491 2171 572 2235 10
1559 2185 1678 2234 Quid
1720 2188 1973 2225 caetera.

625 2339 813 2416 Quae
854 2345 1180 2404 constant
1217 2362 1300 2404 ex
1338 2339 1423 2404 iis
1462 2345 1668 2405 sunto
1707 2339 1907 2403 finita
1944 2361 2065 2424 per
2103 2338 2281 2425 ipsa,

616 2456 709 2520 Et
746 2455 948 2521 finita
985 2477 1164 2541 vago
1203 2456 1368 2521 data
1407 2455 1857 2542 particularia
1897 2478 2117 2521 sensu,

781 2713 1065 2790 Cognitio
1100 2713 1484 2792 incomplexa
1525 2713 1904 2793 complexam
1951 2712 2291 2793 praecedit,
2330 2715 2773 2775 enunciationis
2823 2712 3220 2789 vi-p.148

617 2830 843 2891 delicet
875 2830 1155 2891 notitiam
1189 2831 1408 2891 notitia
1441 2829 1809 2909 simplicium
1840 2830 2254 2892 terminorum.
2292 2832 2563 2892 Termini
2591 2832 2904 2912 simplices

491 2949 571 3014 15
619 2956 760 3010 sunt
820 2948 1159 3009 subiectum
1222 2957 1285 3009 et
1337 2948 1573 3027 passio,
1618 2947 1694 3016 de
1749 2947 1969 3025 quibus
2023 2949 2319 3010 ambobus
2381 2969 2905 3028 praecognoscere

619 3071 863 3144 oportet
895 3065 1036 3140 quid
1061 3072 1157 3126 est
1186 3075 1250 3126 et
1270 3085 1440 3143 esse,
1478 3064 1623 3142 poni
1661 3065 1761 3125 vel
1797 3065 2078 3143 supponi.
2116 3065 2268 3126 Ideo
2313 3065 2701 3128 definitiones
2736 3090 2904 3148 prae·

625 3181 961 3242 mittendae
1001 3189 1143 3242 ante
1187 3202 1317 3260 eae,
1375 3201 1528 3257 quae
1571 3201 1645 3241 ex
1699 3180 2095 3241 terminorum
2150 3182 2498 3258 cognitione
2556 3183 2904 3247 clarescunt

620 3298 973 3375 dignitates,

1483 3640 1790 3705 GAPVT
1861 3642 2052 3706 VIII.

485 3815 574 3877 20
881 3835 1126 3875 Axlomata
1154 3837 1265 3875 artis
1296 3848 1375 3887 per
1404 3851 1450 3877 sc
1480 3844 1524 3877 et
1557 3838 1854 3877 terminorum
1886 3850 1983 3878 cum
2013 3839 2347 3888 significatione
2379 3841 2635 3881 manifesta.

797 4054 1101 4121 Palladis
1140 4065 1302 4123 ante
1343 4057 1521 4124 fores
1561 4061 1730 4126 cluit
1770 4060 1936 4126 ordo
1976 4061 2506 4149 principiorum,

624 4170 828 4248 Queis
867 4179 1117 4238 natura
1155 4173 1326 4239 facit
1365 4182 1589 4241 totum
1628 4184 1695 4241 et
1736 4201 1929 4243 mens
1969 4178 2243 4264 singula
2277 4180 2523 4263 cernit3

623 4288 925 4365 Quorum
963 4289 1047 4355 de
1084 4313 1369 4357 numero
1410 4293 1466 4358 si
1506 4294 1658 4378 quis
1699 4295 2119 4359 subtraxerit
2156 4318 2398 4380 unum,

806 4543 867 4594 lO
897 4546 1126 4593 coetera
1253 4545 1312 4593 12
1345 4544 1478 4595 dato
