3738 5268
1482 522 1570 567 nn
1612 523 1940 569 nnusvaA.
2731 507 2846 568 347

579 674 891 740 Circulus
930 681 1049 739 aut
1086 675 1502 759 triquetrum
1535 675 1719 759 quod
1756 675 1956 740 finiat
1991 677 2398 763 accipiatur,
2838 695 2921 756 p.
2964 679 3179 742 205

581 790 779 866 Quod
814 791 1114 877 primum
1154 791 1226 855 in
1264 791 1576 876 geminas
1611 797 1885 856 tantum
1923 792 2296 858 discindito
2332 800 2598 879 parteS‚

579 907 860 991 Hasque
899 906 1257 992 sigillatim
1297 908 1370 972 in
1406 908 1718 994 geminas
1758 908 2122 974 subdivide
2160 932 2457 993 rursum,
2817 939 2864 977 15

580 1022 812 1107 Atque
848 1023 1099 1088 iterum
1136 1032 1334 1111 parte
1372 1024 1444 1088 in
1485 1031 1714 1111 partes
1753 1047 2187 1110 quacumque
2225 1031 2497 1111 reposta

493 1142 534 1203 ὅ
582 1137 785 1202 Illam
823 1139 1125 1223 adusque
1165 1147 1454 1221 tomum,
1496 1163 1632 1224 qua
1671 1140 1762 1205 sit
1800 1141 2178 1227 spectabile
2216 1163 2447 1206 coram

583 1253 1020 1319 Commodius
1060 1255 1394 1341 spacium,
1437 1264 1772 1341 quantum
1812 1278 2193 1342 exaequare
2230 1256 2485 1321 licebit.

581 1367 930 1432 Vexillum
967 1369 1129 1433 solis
1167 1370 1512 1455 permulta
1551 1371 1882 1458 expendit
1920 1380 1989 1436 et
2027 1372 2234 1436 istud.

1445 1934 1750 1999 GAPVT
1818 1931 2021 1997 XIX.

1236 2263 1518 2323 AVCTOR,
1561 2260 1941 2321 DVPLATOR,
1986 2258 2236 2303 VNITOR

460 2457 544 2520 10
1455 2485 1511 2514 ex
1540 2475 1736 2524 vulgatis
1766 2473 2015 2512 Euclideis.

770 2760 1091 2846 Angulus
1130 2781 1212 2823 ex
1251 2762 1436 2822 recta
1474 2761 1700 2822 rectus
1738 2754 2015 2840 gemina
2051 2753 2185 2818 tibi
2224 2761 2483 2819 rectam

592 2878 920 2965 Disponit
957 2876 1333 2962 geminam,
1374 2895 1508 2958 qua
1548 2880 1999 2938 connectatur
2037 2871 2365 2956 utrinque

592 2998 816 3062 Tanta
856 2995 1040 3059 basis
1077 2992 1400 3078 triquetri
1439 2990 1850 3056 concludens
1890 2988 2049 3052 inde
2088 2988 2414 3072 figuram,

594 3112 868 3190 Quanta
909 3133 1125 3194 aequa
1165 3115 1267 3173 est
1304 3107 1599 3194 geminis
1636 3106 1913 3191 gemino
1951 3104 2081 3169 hoc
2118 3104 2201 3168 de
2241 3104 2434 3170 fonte
2474 3102 2738 3188 figuris

464 3222 547 3285 15
594 3227 795 3292 Hanc
833 3227 1118 3313 duplare
1159 3224 1392 3290 volens
1431 3224 1651 3308 igitur
1689 3222 2082 3307 componito
2122 3228 2344 3285 rectas
2857 3247 2881 3284 ⁵

596 3343 937 3428 Aequales
975 3343 1203 3425 binaS,
1243 3348 1323 3405 ut
1362 3341 1452 3404 sit
1486 3361 1926 3425 comprensus
1966 3336 2053 3400 ab
2094 3336 2234 3400 illis

597 3461 916 3545 Angulus
959 3459 1098 3541 ille,
1137 3481 1372 3544 parem
1413 3456 1708 3541 geminis
1749 3454 1864 3538 qui
1906 3453 2209 3538 parturit
2247 3474 2565 3536 aequam3

599 3577 801 3639 Hanc
838 3574 1117 3660 quando
1156 3573 1456 3659 excipiet
1496 3570 1780 3635 Saturni
1816 3570 2261 3654 horoscopus,
2302 3567 2465 3631 inde

602 3691 804 3755 Certa
844 3690 1064 3754 aderit
1102 3690 1371 3753 ratione
1411 3687 1637 3752 minor
1674 3685 2027 3769 maiorque
2066 3682 2394 3770 profecto.

467 3809 557 3874 20
605 3806 735 3871 Seu
778 3808 1068 3871 laterum
1111 3805 1480 3891 quicquam
1522 3825 1725 3889 super
1762 3801 2133 3867 adiiciatur
2171 3799 2257 3864 ad
2296 3821 2539 3881 unum,
2839 3828 2887 3865 ιο

601 3923 728 3987 Vel
768 3922 1122 4008 demptum
1161 3920 1396 4002 fuerit,
1439 3943 1556 3983 seu
1595 3918 1964 3982 adiiciatur
1995 3915 2081 3980 ad
2120 3914 2351 3998 ambo,

602 4039 722 4103 Fit
760 4039 977 4103 nihilo
1018 4039 1342 4103 subtensa
1383 4036 1609 4100 minus
1648 4058 1772 4120 par
1809 4056 1949 4098 una
1989 4031 2383 4117 eademque3

606 4155 721 4219 Sic
759 4154 1054 4241 duplicis
1095 4153 1271 4238 cycli
1312 4152 1564 4237 duplex
1603 4150 1836 4214 radius
1875 4149 2009 4213 tibi
2047 4148 2283 4234 porgit

605 4271 824 4335 Recto
863 4269 1070 4354 anglo
1109 4268 1554 4352 triquetrum,
1598 4266 1789 4330 cuius
1829 4265 2051 4330 maius
2088 4264 2270 4329 latus
2307 4284 2524 4328 unum

473 4388 559 4454 25
606 4385 942 4473 Campum
983 4383 1102 4449 (lat
1139 4382 1434 4468 geminis
1474 4381 1734 4469 campis
1772 4381 2119 4447 solertiter
2158 4400 2472 4465 aequum.
2843 4406 2892 4443 ιε,
