3738 5268
831 520 946 578 172
1436 530 1714 578 mimam
1753 526 1959 574 imvm
1998 528 2091 572 m:
2127 526 2397 588 ummo,
2444 526 2487 572 1.

825 687 1101 774 Duplex
1138 692 1558 773 quapropter
1595 682 2017 749 noscendum
2048 682 2371 748 sensibile
2410 681 2631 764 istud,

825 803 963 867 Ars
1000 801 1084 867 de
1122 823 1259 887 quo
1297 799 1567 866 ratione
1603 822 1840 865 secans
1879 797 2259 879 descendit,
2298 804 2369 861 et
2404 797 2617 860 altam
3062 825 3113 862 10

823 918 1137 983 Naturae
1174 916 1470 1003 speciem
1507 914 1846 999 sequitur,
1888 912 2069 998 quod
2107 912 2417 977 subsecet
2454 910 2639 975 ultra

825 1030 939 1095 Ad
975 1030 1287 1115 libitum,
1327 1040 1406 1097 ut
1442 1031 1540 1095 sic
1572 1038 1893 1095 naturam
1929 1026 2320 1115 pertingat,
2358 1034 2425 1091 et
2462 1027 2692 1113 ipsam

735 1152 779 1216 ὅ
824 1149 1226 1213 Praetereat
1267 1146 1568 1229 tandem,
1599 1146 1784 1233 quod
1819 1145 2077 1211 frustra
2112 1144 2413 1209 diximus
2450 1167 2625 1225 esse3

828 1265 920 1330 Et
956 1265 1300 1353 reliquum
1331 1265 1416 1331 de
1455 1288 1591 1352 quo
1629 1264 2023 1331 conflantur
2061 1284 2375 1350 corpora,
2416 1270 2483 1327 et
2522 1262 2746 1327 omnis

825 1382 1142 1448 Dimensi
1175 1383 1466 1471 species,
1504 1382 1886 1449 fundamen
1923 1380 2501 1470 principiumque.
3066 1405 3116 1446 15

827 1499 970 1565 Nec
1005 1500 1241 1566 tribuo
1278 1498 1652 1565 absurdum
1689 1498 1979 1564 minimo
2016 1498 2382 1563 minimum
2419 1495 2779 1561 adiicienti

825 1617 1162 1701 Naturae,
1203 1617 1278 1682 in
1313 1615 1625 1703 geminas
1664 1637 2081 1702 componens
2113 1612 2347 1679 sectile
2383 1620 2646 1700 partes;

693 1734 779 1797 lO
825 1733 1143 1819 Namque
1180 1734 1410 1799 minus
1450 1731 1670 1797 nihilo
1708 1740 1968 1820 puncto
2006 1731 2175 1796 haec
2212 1728 2346 1794 duo
2384 1736 2571 1795 tacta
2602 1727 2909 1794 vicissim

825 1848 1295 1933 Constituam‚
1339 1848 1522 1934 quod
1568 1869 1709 1913 non
1756 1847 2117 1912 minimum
2158 1855 2287 1929 est,
2328 1845 2447 1911 sed
2482 1844 2821 1910 terminus
2862 1844 3110 1910 horum

820 1963 1224 2031 Communis
1262 1972 1564 2045 tantum,
1605 1985 1739 2049 quo
1778 1968 2041 2028 certum
2075 1962 2570 2027 continuentur
3063 1990 3116 2028 20

822 2079 936 2145 Ad
973 2102 1336 2145 numerum
1381 2079 1579 2168 paria
1617 2079 1691 2143 in
1729 2079 1939 2165 plano
1977 2078 2331 2164 solidoque
2369 2086 2660 2165 reperta.

820 2195 1263 2283 Quapropter
1300 2194 1616 2281 quamvis
1653 2194 2020 2260 minimum
2053 2194 2485 2280 contingitur
2521 2216 2739 2260 unum

692 2315 773 2377 15
818 2313 1170 2397 Pluribus,
1204 2320 1283 2378 ut
1320 2311 1549 2377 varios
1585 2334 1710 2399 per
1739 2318 2036 2398 punctos
2075 2311 2641 2397 continue[n]tur;

821 2431 1193 2517 Propterea
1223 2428 1410 2495 haud
1446 2428 1756 2515 sequitur
1792 2428 2080 2493 minimo
2121 2426 2489 2513 quicquam
2526 2427 2755 2493 minus
2794 2450 2941 2493 esse

817 2546 904 2611 In
929 2568 1182 2632 genere
1210 2544 1367 2631 hoc,
1406 2545 1627 2632 partis
1664 2544 1961 2633 speciem
1998 2566 2219 2631 neque
2258 2544 2598 2610 credimus
2635 2566 2946 2630 unquam
3054 2572 3107 2612 25

817 2662 1066 2729 Finem
1106 2685 1238 2749 quo
1286 2662 1653 2729 minimum
1698 2662 1985 2728 minimo
2033 2662 2491 2745 connectitur;
2530 2667 2739 2748 atque

820 2777 1182 2844 Terminus
1230 2785 1333 2844 est
1371 2785 1677 2862 tantum,
1711 2778 2067 2866 partisque
2105 2779 2378 2845 affectio
2414 2778 2699 2867 primae.

689 2903 778 2966 20
825 2892 967 2959 Nec
1003 2901 1073 2959 te
1110 2900 1501 2981 praetereat
1532 2895 1766 2961 varius
1799 2895 1992 2960 velut
2029 2918 2191 2961 usus
2229 2901 2299 2960 et
2338 2895 2504 2961 ordo

820 3009 904 3074 In
943 3009 1136 3075 vario
1177 3009 1428 3076 sistant
1465 3011 1781 3094 minimo,
1820 3012 2249 3097 mixtumque
2289 3012 2472 3098 quod
2507 3013 2632 3078 uni

823 3124 1246 3212 Suppostum
1279 3132 1410 3212 est,
1448 3127 1713 3213 reliquo
1752 3127 2044 3215 simplex
2074 3127 2514 3215 primumque
2550 3136 2860 3216 putatur.
3051 3160 3107 3199 30

820 3243 918 3310 Ut
949 3250 1288 3329 punctum
1322 3249 1425 3309 est
1464 3243 1829 3309 minimum
1867 3245 2194 3328 mensori,
2236 3244 2471 3311 littera
2517 3268 2695 3333 pura

821 3357 1319 3444 GrammaticO,
1353 3359 1596 3447 logicis
1635 3361 1926 3447 simplex
1964 3368 2067 3427 est
2102 3361 2341 3446 dictiO,
2382 3363 2621 3430 multis

687 3483 773 3546 25
819 3473 925 3538 Ex
962 3474 1098 3540 hiis
1138 3476 1594 3562 compositum
1630 3484 1901 3563 partem
1939 3478 2234 3566 primam
2272 3478 2502 3565 inquit
2540 3486 2799 3563 orator3

823 3589 937 3654 Sic
967 3581 1180 3656 variis
1221 3592 1446 3658 causis
1490 3595 1682 3659 vario
1720 3615 1845 3680 pro
1884 3595 2198 3660 materiei

820 3703 1079 3771 Ordine
1117 3707 1478 3794 formator,
1518 3710 1745 3797 pictor
1781 3733 2188 3797 mensorque
2219 3720 2578 3800 receptant
3051 3747 3105 3786 35

820 3819 1189 3888 Diversum
1228 3823 1622 3910 minimum,
1664 3827 1891 3893 varias
1928 3834 2008 3893 ut
2046 3827 2339 3914 denique
2373 3837 2608 3915 partes

817 3936 1242 4005 Adscribant
1279 3941 1411 4006 toti
1445 3940 1517 4006 hi
1555 3942 1848 4027 vicinas,
1891 3943 2078 4028 iique
2114 3949 2432 4010 remotas.

686 4063 774 4126 30
817 4054 1024 4121 Nunc
1062 4056 1389 4123 minimus
1429 4059 1661 4144 cyclus
1702 4067 2012 4125 centrum
2052 4066 2178 4144 est,
2220 4060 2501 4147 eiusque
2539 4064 2832 4131 subinde

823 4169 1020 4248 Quod
1058 4172 1360 4239 medium
1392 4174 1576 4260 potis
1614 4183 1718 4241 est
1751 4176 1930 4243 acies
1969 4177 2312 4264 attingere
2344 4178 2551 4247 visus.

977 4442 1292 4506 Minimum
1323 4465 1468 4509 vero
1506 4446 1788 4507 bifariam
1816 4468 1937 4508 non
1966 4448 2096 4509 sine
2128 4469 2311 4510 causa
2348 4451 2677 4530 accipimus
2695 4473 2709 4527 ς
2753 4461 2851 4514 est
2876 4455 3104 4536 quippe

816 4559 1179 4640 simpliciter
1213 4571 1276 4624 et
1308 4563 1590 4626 absolute
1624 4564 1963 4645 minimum,
2000 4565 2178 4642 quale
2222 4566 2400 4628 unius
2446 4568 2692 4645 generis
2729 4590 2870 4632 esse
2923 4592 3104 4652 opor-

187 4937 502 5148 ψ
623 4927 922 5120 κ
