3738 5268
827 494 944 553 222
1429 511 1706 557 nonum
1747 511 1951 556 mzvm
1990 511 2085 556 me
2122 511 2397 572 mmo,
2442 512 2511 555 11.

829 663 904 730 Si
943 664 1186 731 faeiem
1223 678 1514 755 spectes²
1547 690 1688 733 nen
1727 676 1956 732 autem
1996 688 2279 754 corpora
2320 690 2577 741 rerum3

825 782 916 848 Ni
954 782 1097 848 fors
1136 782 1512 871 impropria
1549 798 1616 849 et
1657 784 1939 869 obliqua
1970 806 2137 848 voce
2166 783 2451 868 loquare

824 897 998 964 Cum
1039 899 1276 985 vulgo⁷
1317 900 1592 985 quando
1625 900 1917 965 extremi
1954 923 2113 987 pars
2151 922 2291 964 una
2328 898 2609 964 videtur

823 1014 1036 1081 Istius
1071 1024 1280 1102 atque
1316 1017 1463 1082 eius
1511 1017 1716 1082 finem
1755 1039 2161 1083 coneurrere
2200 1018 2273 1081 in
2312 1039 2555 1099 unum,

737 1135 779 1197 ἴ)
825 1129 962 1207 Qui
1000 1154 1221 1216 neque
1255 1154 1416 1219 pars
1454 1131 1657 1196 huius
1695 1130 1901 1197 faciei
1938 1139 2041 1197 est
2080 1155 2205 1196 nee
2244 1130 2449 1196 faciei

827 1244 1054 1329 filine,
1093 1246 1292 1332 atqui
1323 1246 1668 1311 interiecti
1707 1246 2047 1312 duntaxat
2086 1246 2315 1311 inanis

831 1362 946 1426 Sic
977 1372 1234 1445 atoma,
1275 1373 1354 1429 ut
1383 1370 1653 1429 atomus
1691 1372 1829 1427 stat
1860 1363 2198 1427 terminus
2228 1362 2435 1428 huius
2471 1370 2542 1427 et
2579 1363 2746 1428 eius.
3060 1389 3116 1426 ao

992 1610 1286 1668 Atomum
1329 1607 1407 1666 ab
1443 1617 1674 1684 atomo,
1712 1625 2054 1684 corpusque
2091 1624 2266 1664 omne
2301 1624 2338 1663 a
2380 1623 2635 1682 corpore
2678 1624 2798 1663 non
2835 1612 2966 1664 toto
3004 1615 3113 1665 aut

829 1734 1022 1805 parte,
1061 1724 1172 1784 sed
1205 1730 1311 1784 aut
1349 1725 1541 1784 totius
1575 1734 1682 1784 aut
1716 1723 1912 1803 partis
1957 1722 2213 1782 termino
2250 1722 2627 1798 contingitur
2673 1742 2783 1781 seu
2818 1730 3114 1784 extremo,

703 1847 786 1910 10
831 1844 966 1903 Non
1023 1843 1161 1920 ipsa
1213 1842 1458 1917 inquam
1513 1841 1926 1919 attinguntur,
1982 1839 2093 1900 sed
2148 1840 2419 1918 ipsorum
2476 1837 2708 1913 aliquid
2770 1837 3115 1917 attingitur.

831 1960 1041 2020 Habet
1075 1978 1220 2019 vero
1257 1968 1320 2019 et
1352 1966 1690 2019 extremum
1726 1978 1898 2036 suae,
1942 1959 2103 2018 sicut
2143 1965 2208 2018 et
2248 1977 2470 2035 eorpus
2513 1956 2735 2033 ipsum,
2773 1966 3015 2034 paruae,
3055 1965 3119 2016 et

832 2075 1142 2136 minimum
1185 2094 1410 2154 corpus
1451 2076 1642 2136 habet
1682 2076 1994 2135 minimum
2035 2074 2280 2135 termini
2334 2082 2602 2152 partem,
2644 2093 2765 2150 qua
2805 2072 3114 2132 minimum

831 2192 1090 2253 alterum
1125 2193 1410 2269 attingat.
1446 2192 1659 2266 Neque
1694 2191 1923 2251 maiore
1954 2209 2148 2267 neque
2183 2198 2393 2269 potest
2426 2190 2658 2249 minore
2692 2190 2939 2266 attingi3
2976 2190 3119 2265 quia

833 2309 1111 2371 terminis
1147 2308 1366 2386 quibus
1400 2308 1471 2368 fit
1500 2315 1819 2368 contactus
1843 2308 2143 2385 tangibile
2173 2314 2357 2383 atque
2382 2314 2645 2385 tangens
2670 2315 3114 2384 exaequantur,

705 2424 785 2487 15
832 2433 896 2487 et
929 2426 1210 2502 quoniam
1245 2425 1476 2487 minore
1510 2424 1858 2503 attingente
1894 2424 2258 2501 contingens
2290 2422 2483 2483 maius
2510 2423 2751 2484 ratione
2784 2422 3007 2484 saltem
3035 2421 3121 2480 di·

835 2541 1081 2603 visibile
1124 2541 1587 2620 penetrabileve
1623 2549 1738 2602 est.

1031 2660 1066 2706 ’Β
1108 2658 1613 2718 Inalterabilibus
1649 2678 1797 2735 ergo
1835 2657 2524 2735 impenetrabilibusque
2561 2657 2968 2718 existentibus
2994 2663 3121 2716 ato-

836 2773 950 2835 mis
985 2795 1104 2834 non
1139 2782 1237 2834 est
1270 2774 1433 2850 quod
1467 2793 1612 2835 vere
1647 2774 2016 2852 proprieque
2060 2773 2360 2834 miscibile
2396 2772 2702 2852 possimus
2737 2773 3118 2851 intelligere3

833 2899 934 2953 ast
973 2911 1293 2970 corporum
1329 2891 1656 2968 quaedam,
1703 2891 1846 2951 dum
1882 2889 2215 2951 seeundum
2249 2891 2603 2951 subtiliores
2638 2897 2848 2968 partes
2883 2909 3122 2951 coacer-

701 3002 792 3067 20
837 3013 1087 3085 vantur,
1122 3006 1184 3066 in
1219 3007 1465 3067 tertiam
1500 3005 1789 3066 videntur
1824 3005 2129 3082 quandam
2165 3006 2433 3086 speeiem
2481 3007 2765 3067 transite
2803 3005 2926 3066 Sed
2960 3005 3116 3066 veri-

839 3129 935 3183 tas
968 3123 1092 3183 ista
1127 3130 1300 3185 extra
1328 3143 1573 3185 sensum
1612 3143 1732 3183 non
1767 3123 2055 3184 excurrit.

1754 3563 2060 3633 CAPVT
2126 3564 2217 3630 X.

1081 3784 1271 3824 'Paetum
1295 3793 1395 3824 ene
1417 3781 1468 3825 in
1490 3782 1676 3822 minimo
1693 3812 1704 3833 ,
1725 3786 1769 3822 et
1794 3781 2103 3823 differentiam
2128 3793 2227 3822 eene
2252 3782 2372 3821 inter
2396 3780 2517 3829 quod
2539 3783 2585 3820 et
2606 3790 2695 3828 quo
2718 3779 2880 3828 tangit.

1016 4036 1101 4102 In
1133 4035 1420 4104 minimo
1455 4043 1683 4103 taetus
1723 4059 1863 4102 non
1904 4059 2043 4101 una
2082 4041 2264 4102 sorte
2300 4035 2638 4124 probatur

706 4144 793 4208 25
845 4152 1179 4238 Adtento,
1223 4177 1340 4220 seu
1379 4154 1470 4220 sit
1509 4153 1702 4242 plani
1740 4177 1859 4220 seu
1892 4154 1983 4219 sit
2022 4153 2224 4219 solidi
2265 4176 2454 4241 pars;

845 4270 1022 4337 Nam
1055 4277 1354 4356 punctus
1393 4277 1725 4358 punctum
1764 4272 2148 4359 attingem,
2190 4279 2597 4356 atomusque
2636 4274 2943 4335 atomum
2984 4267 3090 4350 fit,

847 4389 1018 4454 Cum
1058 4388 1192 4454 duo
1233 4412 1302 4454 se
1341 4389 1702 4476 attingunt
1740 4413 1863 4476 per
1902 4413 1992 4456 se.
2028 4391 2162 4455 Sed
2193 4390 2379 4454 linea
2409 4394 2670 4476 puncto

844 4503 1002 4571 Non
1035 4526 1341 4590 unquam
1379 4527 1502 4592 per
1540 4529 1610 4570 se
1644 4506 1960 4591 attingit,
1997 4507 2055 4572 si
2096 4506 2370 4591 quando
2411 4528 2532 4594 per
2569 4505 2796 4591 ipsum
3103 4529 3128 4567 5
