3738 5268
864 492 943 552 74
1743 509 2022 556 mamm
2064 509 2268 556 murm

869 690 1274 769 caeteraque
1337 689 1522 749 astra
1581 684 1881 749 rotunda
1949 707 2120 768 esse,
2161 685 2352 750 nulla
2420 684 2688 750 ratione
2746 686 3146 770 regulatove

868 831 1071 875 sensu
1129 810 1465 896 probant3
1520 807 1923 875 tornatilem
1980 815 2214 874 tamen
2269 808 2693 875 soliditatem
2764 833 2843 874 ea
2914 811 3145 876 omnia

870 935 1201 1019 obtinere,
1241 955 1381 998 11011
1418 933 1812 999 verebimur
1846 934 2178 1021 profiteri.
2221 935 2366 999 144.
2416 933 2847 1020 Argumenta
2908 935 2991 1000 de
3046 957 3151 1001 ro-

868 1059 1221 1124 tunditate
1245 1058 1565 1123 elementi
1587 1080 1805 1144 aquae
1834 1064 2035 1144 (quae
2067 1058 2271 1124 unius
2304 1059 2615 1143 rotundi,
2648 1064 2820 1146 puta
2850 1060 3148 1143 telluriS,

780 1184 822 1248 5
869 1184 1323 1270 heterogenea
1360 1206 1521 1271 pars
1560 1189 1687 1268 est)
1725 1184 2019 1271 puerilia
2059 1183 2339 1249 omnino
2378 1189 2558 1249 sunt.
2611 1185 2756 1248 145.
2794 1184 3149 1249 Naturalis

870 1316 1098 1376 motus
1154 1309 1422 1376 telluris
1482 1332 1620 1375 non
1676 1316 1779 1374 est
1833 1332 1874 1375 a
1930 1309 2154 1374 medio
2220 1331 2442 1396 neque
2501 1309 2589 1374 ad
2645 1309 2973 1393 medium,
3034 1310 3151 1374 sed

871 1435 1051 1501 circa
1096 1434 1398 1501 medium
1438 1435 1889 1501 intrinsecum
1928 1443 1998 1500 et
2034 1435 2520 1519 extrinsecum3
2560 1436 2920 1522 proprium
2967 1436 3152 1500 vide-

870 1562 1033 1627 licet
1094 1567 1433 1646 centrum,
1473 1563 1712 1645 solem,
1751 1569 1821 1626 et
1879 1561 2063 1627 intra
2121 1562 2332 1648 polos.
2385 1563 2533 1626 146.
2571 1561 2813 1626 Multis
2868 1560 3153 1626 rationi-

871 1688 999 1753 bus
1055 1710 1236 1754 vana
1282 1695 1385 1752 est
1448 1687 1758 1752 definitio
1801 1687 1809 1775 Ι
1853 1687 2268 1772 quantitatis
2324 1688 2625 1753 ambitus
2671 1694 2897 1752 terrae
2945 1692 3151 1769 atque

740 1819 825 1882 10
869 1812 1369 1900 profunditatis
1423 1835 1546 1899 per
1600 1813 1940 1878 rationem
2000 1813 2277 1896 circuli,
2335 1812 2655 1878 diametri
2726 1819 2796 1877 et
2867 1812 3155 1898 paralle-

871 1938 1059 2003 lismi
1117 1938 1549 2025 peripheriae
1616 1938 1703 2004 ad
1771 1938 2190 2003 universum.
2272 1940 2419 2003 147.
2474 1939 2716 2024 Neque
2785 1938 3155 2004 intrinsece

871 2087 1094 2150 neque
1141 2064 1521 2144 extrinsece
1567 2064 1641 2129 in
1702 2065 1891 2129 coelo
1952 2065 2245 2130 circulus
2307 2065 2488 2129 ullus
2549 2071 2653 2129 est
2700 2065 2807 2129 vel
2846 2070 3154 2151 apparet.

878 2191 1024 2255 148.
1072 2190 1157 2254 In
1205 2190 1398 2255 nullo
1457 2197 1650 2255 motu
1705 2195 1951 2275 (neque
2000 2189 2085 2255 ad
2139 2189 2716 2275 aequinoctialem
2775 2213 2998 2276 neque
3068 2191 3156 2256 ad

873 2315 1253 2398 zodiacum)
1314 2321 1417 2380 est
1474 2315 1782 2402 accipere
1848 2315 2018 2381 duos
2086 2338 2284 2380 arcus
2345 2316 2660 2400 aequales
2730 2316 3156 2403 temporibus

742 2441 826 2506 15
872 2440 1300 2524 aequalibus3
1341 2440 1550 2506 immo
1599 2441 1659 2505 si
1705 2449 1976 2527 tempus
2033 2439 2125 2505 sit
2175 2440 2555 2505 subiective
2610 2440 2684 2505 in
2736 2425 2946 2506 1110111
2986 2442 3158 2508 00011

874 2588 994 2630 seu
1026 2565 1220 2651 astri,
1263 2588 1405 2630 non
1444 2571 1547 2629 est
1578 2587 1919 2630 mensura.
1965 2565 2108 2629 149.
2160 2565 2347 2629 Hinc
2384 2588 2511 2628 1100
2556 2586 2774 2630 unum
2822 2564 3004 2630 diem
3043 2589 3160 2631 na-

875 2692 1171 2757 turalem
1203 2691 1312 2756 vel
1348 2690 1779 2757 artificialem
1830 2691 2059 2775 alteri,
2107 2713 2328 2775 neque
2372 2697 2646 2756 noctem
2693 2713 2905 2756 unam
2955 2692 3156 2757 alteri

875 2816 986 2882 vel
1047 2815 1334 2881 diurnae
1401 2816 1540 2881 luci
1614 2817 1968 2901 aequalem
2037 2815 2393 2881 ostendere
2457 2837 2762 2901 unquam
2831 2824 3158 2903 poterunt

877 2942 1275 3007 astronomi.
1328 2944 1475 3007 150.
1523 2941 1868 3028 Ecliptiea
1902 2947 2003 3007 est
2047 2940 2162 3006 via
2198 2940 2463 3004 telluris
2503 2946 2572 3005 et
2609 2941 2842 3025 lunae,
2868 2942 3157 3007 Veneris

744 3077 833 3141 20
878 3066 1043 3131 item
1084 3066 1316 3131 eadem
1356 3072 1564 3152 atque
1603 3064 1931 3131 Mercurii
1982 3064 2231 3149 (qualis
2288 3063 2454 3129 item
2514 3064 2802 3130 caeteris
2857 3066 3157 3152 planetis

877 3190 1291 3276 tribuenda),
1332 3192 1407 3256 in
1447 3214 1581 3277 qua
1622 3198 1934 3256 centrum
1975 3189 2358 3255 communis
2397 3190 2725 3275 sphaerae
2762 3190 2967 3255 facile
3028 3214 3158 3256 cre-

879 3316 1169 3382 diderim
1238 3316 1663 3403 temporibus
1720 3315 2121 3402 aequalibus
2178 3314 2497 3398 aequales
2553 3317 2885 3380 conficere
2941 3338 3159 3381 arcus.

884 3443 1028 3506 151.
1067 3442 1491 3507 Mei-idianus
1529 3464 1569 3506 a
1616 3448 1808 3506 motu
1855 3440 2018 3505 solis
2057 3438 2441 3526 descriptus
2483 3462 2523 3504 a
2561 3440 2838 3526 punctis
2873 3440 3159 3505 orientis

881 3573 949 3631 et
989 3567 1361 3633 occidentis
1400 3567 1871 3652 aequidistans
1903 3565 2136 3630 nullus
2171 3573 2291 3630 est.
2333 3565 2721 3631 Vanissime
2753 3566 3004 3631 ludunt
3039 3569 3161 3650 qui

747 3698 835 3762 25
880 3715 1007 3780 pro
1040 3693 1422 3758 meridiano
1462 3693 1775 3758 umbram
1823 3691 2191 3777 gnomonis
2247 3692 2641 3774 consulunt;
2699 3714 2782 3755 ex
2840 3715 2917 3757 ea
2976 3693 3160 3758 enim

882 3819 1126 3885 umbra
1172 3843 1260 3885 ne
1317 3820 1632 3885 umbram
1687 3818 1965 3903 quidem
2002 3818 2357 3883 habebunt
2393 3816 2775 3882 meridiani.
2833 3820 2978 3882 152.
3017 3819 3160 3885 Nos

881 3967 1043 4009 vero
1080 3952 1415 4031 punctum
1472 3945 1643 4009 coeli
1699 3928 2001 4009 medium
2060 3943 2146 4008 ab
2204 3966 2438 4008 eorum
2476 3943 2760 4008 meridie
2823 3944 3045 4010 aversi
3094 3951 3162 4010 et

883 4069 971 4133 ad
1008 4062 1243 4156 polum
1281 4069 1593 4135 conversi
1631 4068 2077 4153 inquirimUS,
2118 4090 2246 4154 ope
2283 4069 2495 4133 trium
2533 4076 2951 4155 punctorum
2986 4093 3022 4134 e
3055 4093 3163 4135 ve-

884 4192 1090 4276 stigio
1143 4195 1379 4259 stellae
1413 4195 1877 4279 cuiuscunque
1911 4191 2449 4258 circumfluentis
2488 4192 2575 4258 ad
2605 4216 2752 4259 eam
2791 4195 3161 4279 regionem.

1072 4484 1132 4533 19
1164 4481 1463 4549 Eclyptica
1590 4485 1653 4533 27
1684 4481 1955 4533 meridi-ae
