3738 5268
1338 532 1428 576 m:
1471 531 1875 579 mvl-mvlonm
1915 532 2158 578 mmm.

1518 864 1823 930 GAPVT
1895 867 1988 932 H.

914 1059 984 1097 Ex
1013 1058 1203 1099 minimo
1233 1059 1395 1099 crescit
1425 1062 1469 1098 et
1497 1058 1544 1098 in
1575 1060 1811 1099 minimum
1840 1060 1988 1100 omnis
2016 1060 2280 1110 magnitudo
2308 1063 2601 1102 extenuatur.

785 1270 957 1336 Cum
997 1271 1188 1335 nulla
1223 1269 1587 1335 minimum
1627 1291 1830 1333 sensu
1868 1291 1947 1333 ac
1986 1268 2254 1333 ratione
2291 1267 2639 1349 viderent,

605 1390 964 1474 Tanquam
1003 1389 1189 1475 ipsos
1227 1388 1531 1473 fugienS,
1573 1387 1854 1452 inimica
1894 1393 2123 1451 mente
2162 1386 2490 1473 sophistis

517 1508 558 1570 5
606 1505 872 1570 Tollere
912 1505 995 1569 de
1033 1504 1258 1569 medio
1295 1503 1425 1568 hoc
1463 1503 1744 1590 placuit.
1785 1504 1979 1569 Tunc
2016 1503 2243 1568 verior
2280 1502 2506 1567 omnis

602 1624 965 1688 Mensurae
1004 1621 1262 1708 species
1299 1620 1582 1685 omnino
1621 1620 1930 1685 extincta
1968 1620 2278 1702 recessit,

602 1739 1092 1824 Mensoresque
1129 1759 1286 1803 suos
1325 1736 1640 1802 mendaci
1677 1736 1958 1802 nomine
1996 1736 2235 1823 liquit,

606 1856 842 1921 Metiri
879 1862 958 1920 ut
997 1855 1188 1920 nulla
1227 1861 1297 1918 et
1337 1852 1618 1919 mentiri
1658 1853 2036 1919 differitate

607 1969 767 2034 Sint
805 1970 944 2033 illis
984 1969 1330 2034 abiuncta.
1371 1969 1632 2033 Tamen
1672 1969 2064 2034 substantia
2102 1970 2348 2055 quanti

477 2084 562 2147 10
608 2085 872 2168 Stabit,
912 2108 1272 2151 mensurae
1311 2085 1600 2151 stabunt
1638 2087 1977 2151 elementa
2014 2109 2319 2172 perenne

605 2201 912 2266 Naturae
953 2202 1025 2266 in
1065 2201 1325 2287 campis
1365 2200 1601 2266 eadem
1640 2200 2034 2286 mentisque
2071 2202 2352 2267 tuentis.

608 2318 943 2385 Novimus
978 2325 1060 2383 ut
1096 2317 1462 2383 minimum
1503 2317 1682 2382 circa
1719 2340 1936 2383 unum
1975 2339 2318 2403 gnomone
2357 2318 2627 2401 adact0‚

607 2434 692 2499 In
729 2433 957 2520 planis
996 2442 1183 2498 recto
1223 2433 1567 2499 contentis
1603 2432 1826 2498 limite
1867 2433 2171 2517 quantis,

609 2549 947 2636 Leucippi
987 2550 1061 2613 in
1099 2572 1340 2638 campo
1379 2549 1674 2614 similem
1713 2548 2047 2615 servando
2086 2548 2382 2633 figuram

477 2661 561 2724 15
610 2667 644 2731 Ι
649 2667 993 2754 mparium
1031 2690 1315 2732 numero
1353 2667 1589 2732 veniat
1626 2668 1977 2753 polygona
2015 2665 2432 2744 adolescenS,

612 2786 835 2862 Quam
873 2785 1158 2872 paribus
1197 2793 1510 2851 constare
1546 2785 1717 2850 facit
1756 2807 1993 2850 monas
2032 2782 2268 2848 addita
2308 2782 2614 2864 tandem3

609 2902 945 2967 Novimus
983 2911 1195 2988 utque
1235 2910 1539 2967 atomum
1581 2902 1763 2967 circa
1800 2900 2155 2987 sphaerale
2194 2900 2479 2965 coibunt

610 3016 1032 3103 Complendo
1073 3018 1304 3104 spacio
1342 3041 1458 3082 sex
1498 3016 1718 3082 solum
1757 3017 2072 3102 aequalia
2110 3016 2377 3103 primO,

611 3131 793 3195 Dein
833 3154 1099 3219 semper
1137 3156 1422 3199 numero
1460 3133 1753 3197 veniunt
1791 3131 2170 3198 crescentia
2208 3132 2477 3216 eodem,

477 3250 565 3311 520
611 3247 926 3312 Circulus
967 3256 1044 3313 ut
1083 3273 1396 3316 normam
1437 3251 1779 3315 custodiat
1817 3251 2105 3338 imparis
2144 3273 2355 3316 unam

609 3365 743 3427 Per
779 3364 1091 3449 plenum,
1132 3373 1340 3448 atque
1377 3366 1564 3452 paris
1605 3367 1946 3452 specimen
1989 3373 2347 3432 conservet
2386 3365 2607 3450 inani,

611 3478 800 3554 Quae
837 3461 1109 3544 nunieri
1146 3480 1432 3546 alternis
1471 3481 1738 3547 vicibus
1778 3481 2180 3546 discrimina
2220 3488 2475 3563 sumat,

609 3594 800 3670 Quae
839 3594 998 3659 finit
1035 3604 1402 3682 punctum,
1441 3598 1758 3684 planum,
1797 3598 2094 3682 angulus
2131 3604 2340 3683 atque
2378 3597 2607 3663 litura.

608 3710 1052 3795 Propositum
1093 3713 1168 3776 in
1204 3713 1412 3799 plano
1452 3714 1828 3796 sexangula
1867 3714 2091 3778 forma
2131 3713 2423 3778 docebit.

475 3819 561 3881 25
612 3827 924 3912 Namque
964 3828 1043 3893 fit
1081 3827 1157 3893 in
1189 3828 1407 3895 solido
1447 3830 1766 3917 proprius
1805 3831 2183 3918 speculatio
2218 3831 2428 3915 cycli,

608 3943 742 4020 Qui
781 3951 1056 4009 tantum
1094 3945 1421 4031 sphaerae
1460 3948 1719 4011 censeri
1760 3949 2095 4012 terminus
2139 3945 2375 4029 audet3

609 4058 888 4124 Scilicet
925 4060 999 4124 in
1038 4061 1246 4146 plano
1285 4061 1668 4148 descriptus
1709 4062 2003 4126 circulus
2040 4061 2223 4126 haud
2263 4068 2368 4126 est

609 4177 1098 4261 Praeterquam
1140 4178 1382 4264 (partis
1420 4179 1734 4265 sphaerai
1773 4177 2135 4261 terminus)
2175 4177 2361 4242 orbis

606 4289 1004 4376 Sphaeralis
1046 4293 1383 4378 quaedam
1421 4294 1763 4359 duntaxat
1801 4293 2107 4381 corporis
2146 4301 2215 4358 et
2249 4315 2413 4379 pars

791 4559 824 4607 3
843 4558 1002 4622 sorae
1027 4559 1191 4609 nullo

2771 519 2888 579 237

2846 2348 2896 2385 10

2847 2927 2895 2966 15

2845 3511 2896 3549 20

2844 4093 2895 4128 ‘25
