3738 5268
1365 520 1455 564 nn
1495 519 1901 567 mvnn'rmnss
1941 520 2185 566 mmm.
2800 500 2918 562 243

638 677 815 738 sibile
856 676 1305 737 rationabiliter
1348 676 1438 735 illi
1483 678 1636 738 alias
1679 678 1983 756 positione
2034 677 2160 736 ulla
2198 679 2379 756 (quae
2436 672 2918 735 demonstrative

637 796 790 856 velit
820 802 883 855 et
922 796 1128 855 verius
1158 795 1386 875 metiri)
1425 804 1634 874 partes
1661 796 1778 856 sibi
1813 815 2176 875 proponere,
2221 815 2400 871 quarn
2436 814 2589 872 quae
2626 814 2661 852 a
2696 790 2924 852 senarii

638 914 1069 992 progressione
1113 913 1388 972 oriuntur
1428 933 1562 990 sex,
1609 912 1931 973 duodecim
1980 921 2042 973 ct
2087 913 2251 973 ultra
2293 911 2625 974 secundum
2660 908 2917 970 eandem

638 1033 877 1092 seriem.

553 1388 595 1451 5
1539 1389 1842 1454 CAPVT
1904 1390 2033 1455 111.

1002 1598 1227 1648 Angulurn
1251 1601 1387 1640 etlam
1410 1600 1587 1640 Euclidi
1613 1601 1711 1651 plus
1747 1612 1882 1650 quam
1906 1602 1952 1640 in
1976 1601 2089 1640 duas
2112 1605 2264 1649 partes
2290 1611 2379 1639 non
2409 1599 2567 1639 dividi.

820 1834 995 1899 Heic
1033 1855 1159 1919 ego
1191 1841 1262 1898 te
1293 1832 1648 1899 Euclidem
1682 1836 1981 1922 appello,
2020 1841 2140 1900 tua
2178 1835 2439 1922 respice
2472 1835 2652 1918 fata,

641 1948 934 2034 Respice
972 1971 1142 2035 quos
1178 1947 1480 2014 habeant
1513 1956 1785 2015 autores
1823 1950 2351 2037 principiorum,

644 2065 779 2142 Qui
817 2065 1015 2130 docte
1052 2085 1269 2150 usque
1307 2064 1473 2130 adeo
1514 2088 1808 2132 canones
1846 2067 2551 2153 submultiplicarunt.

514 2189 598 2252 10
645 2180 1001 2247 Scinditur
1030 2180 1107 2245 in
1143 2180 1454 2267 geminas
1492 2181 1627 2246 tibi
1663 2188 1897 2268 partes
1929 2184 2224 2268 angulus
2258 2183 2451 2264 olim,

643 2298 742 2365 Ut
781 2296 1004 2383 magis
1042 2304 1248 2383 atque
1286 2298 1514 2362 minus
1553 2299 1793 2385 procul
1826 2305 1947 2364 aut
1984 2299 2214 2364 vicina
2252 2306 2597 2363 tomorum
2904 2324 2929 2361 ε»

648 2414 826 2480 Sunt
866 2414 999 2480 duo
1040 2436 1214 2499 quae
1253 2422 1526 2498 coeunt,
1561 2422 1639 2480 ut
1673 2421 1835 2480 sunt
1868 2438 2022 2480 cum
2062 2415 2343 2502 cuspide
2381 2414 2660 2499 iuncta,

648 2531 837 2608 Quae
875 2510 1167 2617 attingit
1206 2539 1549 2615 centrum3
1593 2532 1968 2618 finitusque
2008 2532 2301 2618 angulus
2340 2531 2500 2597 inde
2539 2538 2643 2597 est

647 2650 1035 2715 Concursus
1071 2650 1387 2735 geminae
1419 2657 1671 2733 rectae,
1709 2673 2001 2736 quarum
2040 2650 2257 2716 altera
2295 2649 2383 2715 ad
2418 2671 2629 2715 unam

518 2767 600 2831 15
646 2767 993 2832 Inclinata
1028 2767 1241 2833 venit.
1278 2768 1472 2835 'Punc
1504 2767 1677 2833 illud
1710 2767 2189 2851 considerasti,

647 2884 746 2951 Ut
784 2884 1149 2949 minimum
1189 2906 1323 2970 quo
1363 2908 1432 2950 se
1470 2885 1832 2969 attingunt
1868 2908 2010 2950 non
2046 2891 2149 2950 est
2180 2892 2340 2972 pote
2379 2884 2627 2949 deinde
2878 2907 2931 2949 10

648 3000 930 3084 Attingi
963 3023 1002 3065 a
1035 2999 1258 3065 media
1296 3001 1633 3087 producta
1665 3001 1985 3087 pluribus
2023 3024 2197 3083 una3

650 3114 1044 3193 Quamlibet
1083 3122 1187 3180 est
1222 3114 1477 3181 etenim
1515 3116 1747 3202 spacio
1786 3116 1990 3182 datus
2029 3118 2327 3203 angulus
2366 3117 2622 3203 amplo,

648 3232 807 3297 Non
844 3229 1031 3296 valet
1067 3231 1139 3294 in
1172 3232 1404 3318 plures
1439 3233 1736 3317 geminis
1772 3233 1918 3320 ipse
1958 3257 2137 3299 unus
2177 3233 2368 3298 obire

515 3347 604 3410 20
648 3350 916 3430 Partes3
952 3370 1248 3432 namque
1287 3370 1491 3434 super
1528 3356 1715 3413 recta
1754 3349 1811 3414 si
1852 3349 2156 3436 concipis
2196 3371 2415 3414 unum

650 3465 1021 3550 Signatum
1055 3464 1445 3547 minimum,
1484 3465 1781 3549 geminis
1819 3473 1958 3531 stat
1996 3466 2314 3553 partibus
2352 3463 2526 3529 illud
2887 3489 2934 3528 13

649 3581 1024 3666 Attiguum
1061 3587 1356 3645 tantum.
1390 3583 1658 3647 Puncto
1699 3590 2121 3669 quapropter
2159 3582 2245 3647 ab
2284 3603 2423 3646 uno

650 3698 808 3762 Non
846 3698 1001 3785 plus
1041 3719 1250 3781 quam
1289 3696 1540 3784 duplex
1577 3698 1776 3762 finita
1813 3707 1917 3764 est
1955 3707 2164 3780 recta,
2208 3705 2287 3762 ut
2324 3696 2611 3762 horizon

651 3818 736 3881 In
770 3822 1005 3902 partes
1046 3815 1302 3900 migrat
1339 3821 1572 3880 ternas
1612 3837 1818 3900 super
1855 3838 1981 3880 axe
2020 3815 2288 3902 supino.

518 3937 606 4000 25
652 3935 799 3999 Iam
841 3933 1005 4019 quid
1045 3932 1204 4016 erit,
1244 3933 1518 4017 quando
1558 3941 1662 3998 est
1699 3933 1943 4020 puncti
1983 3938 2355 4019 angustata
2392 3938 2727 4017 potestaS,

653 4051 1198 4136 Contractusque
1239 4049 1429 4114 sinus
1466 4049 1783 4135 geminae
1820 4048 2267 4113 inclinamine
2304 4052 2531 4113 rectae
2556 4045 2587 4109 ⁸?
2888 4072 2943 4108 20

651 4167 839 4252 Ergo
877 4189 1098 4231 novus
1137 4188 1373 4231 rursus
1410 4173 1636 4230 sectus
1673 4165 1867 4230 venit
1901 4164 2223 4251 angulus,
2263 4185 2573 4248 unquam
2935 4192 3015 4252 p,
3050 4176 3249 4239 105

652 4284 739 4348 In
776 4285 1006 4370 plures
1043 4282 1340 4368 geminis
1379 4304 1601 4367 neque
1639 4282 1834 4347 fissus
1873 4282 2189 4368 partibus
2228 4281 2410 4345 idem
2449 4285 2578 4360 est3

839 4543 872 4589 8
905 4540 1119 4591 babent
