3738 5268
851 486 968 543 246
1105 478 1110 483 ’
1437 500 1713 545 mamm
1757 500 1961 546 imvm
2001 502 2091 544 1111
2130 499 2401 561 nmmo,
2448 499 2538 542 111.

854 658 988 722 Sed
1026 681 1146 723 eur
1183 658 1511 723 descensu
1550 681 1674 744 per
1711 664 1944 745 partes
1983 657 2438 740 adsimilares,

851 775 1158 851 Quarum
1200 774 1536 840 maiorum
1569 774 1840 840 faciunt
1878 775 2082 840 finem
2124 797 2267 839 esse
2305 774 2636 857 minores,

850 892 1007 955 Huc
1044 897 1147 956 est
1184 892 1556 956 deventum
1596 890 1908 974 tandem,
1947 898 2026 956 ut
2065 913 2347 956 numero
2378 891 2535 955 ‘sine
2576 889 2709 953 fine

851 1008 1203 1072 Terminet
1239 1006 1353 1071 hic
1390 1014 1622 1094 partes
1659 1005 1846 1093 parti
1888 1028 2029 1071 non
2068 1008 2405 1072 terminus
2442 1007 2598 1087 uni,

762 1112 803 1175 ὗ
852 1122 926 1187 Si
966 1124 1331 1188 minimum
1368 1130 1633 1210 spectes
1673 1123 1858 1207 quod
1896 1129 2095 1188 tanto
2133 1122 2348 1188 distat
2385 1123 2471 1187 ab
2513 1122 2704 1210 ipso?

850 1239 1106 1304 Dicant
1143 1246 1222 1304 ut
1258 1239 1515 1326 poterit
1553 1246 1697 1304 tam
1737 1239 1974 1303 multis
2014 1237 2352 1309 terminus
2392 1261 2536 1304 esse
3088 1239 3458 1315 10p.10'?

849 1354 1206 1439 Partibus»,
1244 1361 1312 1418 et
1351 1353 1589 1439 magni
1615 1368 1835 1437 'quam
1877 1352 2422 1440 circumscriptio
2461 1354 2646 1440 gyri3

850 1472 1030 1537 Nam
1068 1471 1356 1536 minimo
1393 1468 1685 1535 totidem
1727 1468 2073 1553 quadrant
2110 1491 2251 1534 non
2289 1476 2597 1534 attamen
2636 1491 2923 1553 aequae,

851 1589 1060 1666 Queis
1098 1595 1331 1653 tamen
1369 1587 1628 1673 attingi
1667 1594 1982 1651 centrum
2022 1586 2342 1652 credatur
2379 1594 2651 1673 oportet

724 1700 808 1764 lO
854 1705 1228 1785 OmnibuS‚
1267 1713 1346 1769 ut
1383 1726 1679 1768 vacuum
1717 1702 1968 1789 fugias,
2009 1704 2142 1768 Tot
2178 1704 2494 1790 partibus
2534 1726 2695 1788 ergo

666 1799 674 1805 '
852 1825 944 1888 Et
983 1832 1298 1888 centrum
1337 1822 1628 1899 extabit,
1672 1822 1924 1907 quibus
1964 1821 2359 1907 attingatur
2397 1823 2482 1886 ab
2523 1822 2693 1904 illis,
3090 1851 3142 1887 ιτ,

853 1940 944 2005 Ν1
985 1940 1162 2005 forte
1202 1946 1471 2006 attactu
1511 1939 1659 2004 sine
1700 1945 1886 2005 certo
1927 1939 2261 2004 terminus
2298 1939 2413 2003 hic
2451 1938 2559 2004 sit.

852 2059 1039 2144 Ergo
1078 2058 1210 2123 erit
1248 2064 1316 2122 et
1356 2064 1696 2143 quantum
1740 2063 1847 2122 tot
1887 2065 2209 2122 constans
2247 2056 2565 2143 partibus
2604 2057 2859 2143 ipsum,

854 2175 1037 2252 Quot
1075 2182 1412 2260 quantum
1454 2173 1933 2259 quodcumque
1972 2174 2203 2257 datur,
2246 2175 2429 2259 quod
2465 2175 2776 2240 tenditur
2813 2176 2997 2241 ultra

723 2291 804 2355 15
853 2291 1178 2357 Partibus
1217 2298 1425 2375 atque
1466 2290 1607 2356 suis
1648 2290 1929 2376 quantis
1970 2290 2303 2356 consistat
2342 2298 2412 2355 et
2449 2292 2676 2379 ipsum

853 2409 1038 2487 Quas
1063 2409 1333 2474 nullum
1356 2408 1442 2473 ad
1465 2429 1829 2473 numerum
1867 2406 2128 2472 referas
2167 2406 2425 2473 circum
2456 2408 2767 2492 undique
2799 2414 3137 2491 centrum3

850 2524 1166 2608 Namque
1206 2523 1407 2588 aliter
1443 2523 1734 2588 totidem
1771 2523 1901 2589 hoc
1938 2545 2080 2588 non
2119 2529 2412 2609 tangent
2451 2522 2896 2589 adsimilareS.
3088 2554 3137 2591 ει

851 2641 1208 2718 Quaenam
1245 2648 1389 2706 tam
1428 2641 1705 2728 stupido
1742 2640 1913 2707 haec
1948 2651 2366 2729 pepererunt
2402 2648 2681 2730 pectora
2715 2643 2959 2708 sensu?

853 2757 1038 2844 Ergo
1079 2758 1309 2824 oculos
1348 2757 1659 2843 adverte,
1701 2758 1897 2847 cupis
1938 2759 2335 2845 quicunque
2372 2759 2607 2826 videre

719 2873 807 2936 20
851 2872 1190 2938 Naturam
1228 2897 1456 2939 rerum
1497 2879 1565 2938 et
1603 2879 1835 2961 partes
1876 2895 2009 2959 quo
2050 2897 2120 2939 se
2159 2874 2398 2939 ordine
2436 2881 2759 2962 tangant,

851 2989 1232 3054 Democriti
1271 2991 1345 3054 in
1385 3013 1626 3078 campo
1666 2997 1745 3056 ut
1782 2991 2008 3076 primo
2047 3013 2263 3057 unum
2303 2991 2409 3056 bis
2448 2991 2585 3056 tria
2624 2998 2954 3077 tangunt,
3088 3020 3139 3058 εὖ

852 3105 1176 3171 Proxima
1216 3106 1407 3192 queis
1446 3106 1801 3193 nequeunt
1837 3108 1995 3194 plus
2030 3129 2237 3193 quam
2274 3107 2383 3172 bis
2422 3129 2584 3172 sena
2622 3107 2871 3173 notari.

853 3221 1188 3299 Quocirca
1226 3221 1592 3286 minimum
1631 3221 1931 3287 mensori
1970 3221 2057 3287 ad
2094 3221 2411 3309 proxima
2443 3228 2719 3287 tantum

853 3339 1224 3427 Composta
1263 3363 1406 3405 esse
1445 3347 1645 3426 putes
1684 3346 1985 3427 partem,
2029 3339 2483 3425 quodcunque
2523 3341 2615 3405 sit
2652 3340 2899 3427 ipsum.

720 3457 805 3520 25
851 3458 1037 3543 Ergo
1076 3459 1352 3524 infinito
1391 3459 1756 3524 minimum
1796 3481 2020 3544 neque
2058 3459 2397 3524 terminus
2436 3482 2580 3524 esse

853 3575 1092 3640 Terrai
1129 3577 1388 3662 poterit
1426 3577 1667 3660 1110103,
1709 3599 1934 3661 neque
1970 3575 2309 3641 terminus
2347 3574 2530 3639 ullus
3091 3602 3143 3639 30

851 3688 1017 3755 Esse
1051 3697 1303 3777 potest,
1345 3691 1535 3756 velut
1574 3692 1645 3757 id
1684 3691 2082 3757 conclusum
2121 3697 2224 3756 est
2263 3688 2579 3775 margine
2617 3686 2831 3753 nulla.

853 3805 1073 3873 Immo
1113 3807 1295 3893 quod
1335 3830 1475 3874 non
1513 3808 1606 3873 sit
1637 3831 1798 3895 pars
1839 3808 2007 3873 haec
2039 3829 2262 3892 neque
2300 3806 2637 3871 terminus
2676 3804 2891 3890 ullus,

854 3924 1012 3989 Non
1052 3933 1153 3989 cst
1195 3924 1377 4009 quod
1417 3932 1689 3990 tantum
1729 3931 1955 3990 totum
1996 3923 2143 3988 sine
2181 3923 2317 3988 fine
2352 3943 2693 4008 reposcas;

723 4038 811 4100 ΒΟ
858 4037 1431 4124 Quandoquidem
1471 4045 1540 4104 et
1576 4038 1827 4124 vulgus
1866 4036 2066 4102 novit
2104 4036 2296 4102 velut
2336 4037 2544 4102 altius
2583 4033 2789 4101 astris

857 4154 1192 4242 Sepositis
1231 4155 1440 4220 moles
1479 4155 1689 4219 terrai
1728 4153 2096 4239 absumpta
2132 4150 2478 4236 ⁴subadsit,
3091 4178 3142 4218 35,

855 4273 948 4337 Et
985 4279 1223 4338 tantae
1261 4271 1427 4336 moli
1468 4270 1829 4335 minimum
1875 4276 1978 4334 est
2018 4277 2178 4355 pote
2217 4268 2440 4333 maius
2478 4268 2739 4334 haberi.

856 4388 1042 4474 Ergo
1076 4387 1373 4453 mensori
1412 4386 1776 4452 minimum
1817 4386 1876 4450 31
1915 4385 2339 4473 apprendere
2375 4385 2651 4471 quando

858 4505 1207 4573 Acciderit
1243 4512 1608 4593 punctum,
1651 4503 1738 4568 ad
1779 4503 1960 4588 quod
2000 4503 2222 4569 mit-tit
2259 4503 2487 4591 portio
2528 4500 2705 4591 cycli
