3738 5268
863 531 942 590 66
1748 539 2028 586 mamm
2071 538 2274 585 imvm

863 719 1177 785 residuo?
1227 717 1438 801 Illud,
1479 718 1589 784 vel
1628 717 1713 800 (si
1760 716 1970 782 nimis
2015 716 2385 800 modicum)
2435 713 3014 802 complementum
3052 736 3152 780 re-

864 845 1133 929 liquum
1171 843 1376 909 unius
1413 843 1661 930 partiS,
1703 841 1922 908 sexies
1962 842 2277 929 capiatur
2308 863 2513 928 super
2544 839 2779 905 eodem
2813 840 3150 906 sextantis

862 993 1054 1053 aren,
1095 977 1163 1035 et
1210 970 1309 1035 ita
1348 991 1585 1034 rursus
1625 968 1888 1055 inspice
1934 974 2103 1053 quot
2140 967 2310 1032 alias
2349 967 2635 1054 impleat
2665 972 2916 1053 partes.
2947 966 3146 1044 Quod

862 1096 922 1161 si
961 1117 1101 1160 non
1139 1093 1425 1181 impleat
1463 1115 1673 1159 unam
1713 1099 2010 1180 partem,
2053 1094 2063 1179 Ι
2103 1100 2271 1158 tunc
2299 1093 2564 1180 primae
2595 1092 2817 1179 partis
2843 1092 3148 1158 denomi-
3192 1089 3236 1153 s
3264 1091 3371 1153 3¹·

774 1220 815 1282 ὃ
863 1219 1057 1286 natio
1104 1226 1207 1286 est
1254 1219 1565 1307 septima.
1613 1217 1857 1284 Diviso
1906 1218 2125 1304 igitur
2171 1241 2336 1284 arcu
2382 1216 2718 1283 sextantis
2766 1217 2840 1282 in
2887 1224 3149 1305 septem

859 1352 1117 1432 parteS,
1157 1352 1495 1432 perpetuo
1527 1342 1879 1408 residuum
1916 1366 2186 1432 appone
2218 1343 2405 1429 parti
2438 1342 2562 1407 uni
2590 1349 2911 1429 acceptae
2936 1365 3150 1431 prope

860 1477 1200 1554 centrum,
1225 1470 1312 1536 ad
1344 1467 1721 1536 noscendas
1746 1476 1977 1556 partes
2010 1469 2314 1556 partium
2347 1474 2546 1555 (quas
2572 1469 2841 1534 minuta
2869 1474 3148 1551 vocant)

861 1594 1152 1682 primae,
1202 1593 1562 1680 secundaS,
1612 1592 1880 1676 tertiae,
1933 1601 2002 1659 et
2049 1593 2370 1682 deinceps
2417 1594 2618 1670 aliaS,
2666 1615 2835 1678 quas
2883 1617 2924 1659 a
2961 1594 3147 1659 dicto

860 1718 1249 1807 septenario
1275 1725 1602 1806 perpetuo
1627 1718 2124 1784 denominabis.
2151 1719 2389 1804 Neque
2413 1718 2843 1785 obliviscaris
2864 1718 3147 1785 interim

732 1852 816 1915 10
859 1866 1223 1910 numerum
1272 1844 1633 1910 inventum
1670 1866 1792 1930 per
1828 1844 2176 1909 senarium
2223 1842 2615 1910 deducendo
2654 1844 3146 1931 multiplicare;

861 1969 1149 2036 totidem
1189 1969 1373 2035 enim
1413 1976 1642 2057 partes
1680 1969 1967 2055 reliquis
2006 1970 2311 2056 quinque
2357 1970 2790 2037 sextantibus
2828 1966 3149 2036 similiter

860 2094 1333 2180 pertinebunt.

1559 2328 2122 2405 MEMBRVM
2212 2328 2438 2403 XXI.

1523 2534 1629 2590 DE
1683 2534 2048 2591 COMMVNI
2103 2536 2497 2592 MENSVRA.

728 2750 813 2813 15
1710 2749 2098 2817 Axncvnvs
2147 2753 2294 2818 125.

1039 2930 1285 2996 Stante
1323 2931 1505 3016 quod
1543 2931 1911 2997 minimum
1957 2932 2032 2997 in
2079 2955 2490 3020 unoquoque
2526 2956 2779 3020 genere
2824 2957 3147 3001 mensura

863 3067 987 3144 est,
1026 3068 1288 3127 certum
1322 3066 1425 3125 est
1459 3060 1642 3145 quod
1667 3059 1820 3127 ideo
1845 3065 2147 3126 ametrae
2173 3067 2336 3126 sunt
2364 3061 2684 3146 vulgares
2721 3069 3145 3147 geometrae,

863 3189 1047 3273 quod
1085 3187 1371 3254 minimo
1411 3193 1666 3253 carent.
1708 3189 1942 3253 Posito
1979 3188 2197 3274 igitur
2234 3211 2274 3253 a
2306 3188 2506 3254 nobis
2535 3188 2856 3268 minime,
2895 3189 3148 3255 eiusce-

865 3317 1050 3382 modi
1087 3317 1504 3404 geometriae
1540 3315 1993 3382 fundamenta
2039 3323 2109 3381 et
2166 3314 2555 3381 aedificium
2587 3316 2860 3383 sublata
2892 3317 3147 3383 intelli-

732 3451 820 3513 20
864 3453 1145 3529 guntur.
1193 3444 1431 3509 Iacent
1477 3443 1828 3530 praeclara
1877 3442 1960 3507 de
2008 3443 2443 3528 asymmetris
2499 3449 2568 3507 et
2614 3442 2832 3529 alogis
2880 3445 3146 3531 magni—

863 3569 1224 3635 tudinibus
1270 3566 1759 3650 theofremata3
1816 3590 1957 3634 non
2006 3574 2108 3632 est
2156 3569 2339 3633 enim
2386 3567 2564 3634 ratio
2612 3591 2734 3633 cur
2781 3569 3144 3636 individua

863 3695 1047 3762 linea
1084 3698 1263 3764 hanc
1300 3697 1579 3783 quidem
1611 3698 1964 3781 metiatur,
1990 3697 2176 3762 illam
2219 3719 2381 3763 vero
2415 3719 2574 3763 non.
2597 3698 3141 3764 Innumerabilia

867 3847 951 3889 ex
986 3825 1115 3890 hac
1152 3825 1450 3890 veritate
1489 3825 1843 3891 commoda
1884 3831 2421 3911 consequuntur,
2462 3832 2540 3891 ut
2576 3848 2684 3891 res
2732 3826 2883 3912 ipsa
2931 3827 3148 3891 mani-

866 3952 1187 4036 festabit,
1228 3958 1377 4017 tum
1418 3951 1900 4017 mathematice
1949 3951 2473 4038 contemplanti,
2521 3959 2673 4017 tum
2718 3953 2928 4019 etiam
2975 3953 3148 4040 phy-

734 4079 820 4141 25
868 4079 1020 4142 sice.
1062 4079 1211 4143 126.
1250 4077 1523 4164 Duplex
1562 4085 1666 4142 est
1705 4100 2023 4142 mensura
2062 4079 2466 4161 communiS,
2509 4085 2578 4143 et
2623 4079 2948 4145 videlicet
2985 4103 3144 4166 pars

870 4211 1276 4296 communis,
1317 4234 1490 4296 quae
1537 4221 1701 4278 nota
1749 4213 2016 4278 ratione
2055 4213 2447 4280 continetur
2492 4214 2579 4279 ab
2628 4221 2922 4299 utroque
2968 4221 3143 4298 toto;

1059 4499 1114 4549 17
1151 4495 1425 4566 ametrae]
1457 4498 1525 4560 of.
1550 4513 1605 4562 p.
1642 4499 1733 4554 70,
1766 4498 1796 4547 7

3194 3568 3374 3632 13*
